timestamp,symbol,price,volume
2023-01-02 09:15:00,RELIANCE,1004.9,107
2023-01-02 09:15:01,RELIANCE,1005.13,122
2023-01-02 09:15:02,RELIANCE,1005.82,467
2023-01-02 09:15:03,RELIANCE,1005.77,373
2023-01-02 09:15:04,RELIANCE,1005.31,100
2023-01-02 09:15:05,RELIANCE,1005.5,309
2023-01-02 09:15:06,RELIANCE,1005.04,770
2023-01-02 09:15:07,RELIANCE,1005.16,386
2023-01-02 09:15:08,RELIANCE,1005.21,192
2023-01-02 09:15:09,RELIANCE,1005.23,511
2023-01-02 09:15:10,RELIANCE,1005.01,682
2023-01-02 09:15:11,RELIANCE,1004.89,958
2023-01-02 09:15:12,RELIANCE,1004.8,563
2023-01-02 09:15:13,RELIANCE,1004.88,505
2023-01-02 09:15:14,RELIANCE,1004.86,131
2023-01-02 09:15:15,RELIANCE,1005.07,841
2023-01-02 09:15:16,RELIANCE,1005.48,167
2023-01-02 09:15:17,RELIANCE,1004.47,346
2023-01-02 09:15:18,RELIANCE,1005.03,565
2023-01-02 09:15:19,RELIANCE,1004.65,956
2023-01-02 09:15:20,RELIANCE,1004.27,455
2023-01-02 09:15:21,RELIANCE,1004.83,35
2023-01-02 09:15:22,RELIANCE,1005.02,206
2023-01-02 09:15:23,RELIANCE,1004.42,388
2023-01-02 09:15:24,RELIANCE,1004.22,2
2023-01-02 09:15:25,RELIANCE,1003.53,772
2023-01-02 09:15:26,RELIANCE,1003.35,822
2023-01-02 09:15:27,RELIANCE,1002.26,996
2023-01-02 09:15:28,RELIANCE,1001.74,270
2023-01-02 09:15:29,RELIANCE,1001.29,462
2023-01-02 09:15:30,RELIANCE,1001.88,727
2023-01-02 09:15:31,RELIANCE,1002.16,725
2023-01-02 09:15:32,RELIANCE,1002.18,720
2023-01-02 09:15:33,RELIANCE,1002.31,792
2023-01-02 09:15:34,RELIANCE,1003.13,922
2023-01-02 09:15:35,RELIANCE,1003.18,493
2023-01-02 09:15:36,RELIANCE,1003.39,41
2023-01-02 09:15:37,RELIANCE,1002.96,857
2023-01-02 09:15:38,RELIANCE,1002.71,839
2023-01-02 09:15:39,RELIANCE,1001.77,648
2023-01-02 09:15:40,RELIANCE,1001.09,472
2023-01-02 09:15:41,RELIANCE,1001.55,379
2023-01-02 09:15:42,RELIANCE,1001.89,773
2023-01-02 09:15:43,RELIANCE,1002.0,28
2023-01-02 09:15:44,RELIANCE,1002.29,135
2023-01-02 09:15:45,RELIANCE,1002.21,33
2023-01-02 09:15:46,RELIANCE,1002.79,48
2023-01-02 09:15:47,RELIANCE,1003.53,805
2023-01-02 09:15:48,RELIANCE,1002.97,99
2023-01-02 09:15:49,RELIANCE,1002.18,547
2023-01-02 09:15:50,RELIANCE,1002.5,961
2023-01-02 09:15:51,RELIANCE,1002.66,643
2023-01-02 09:15:52,RELIANCE,1002.62,769
2023-01-02 09:15:53,RELIANCE,1002.15,398
2023-01-02 09:15:54,RELIANCE,1002.55,871
2023-01-02 09:15:55,RELIANCE,1002.47,691
2023-01-02 09:15:56,RELIANCE,1001.99,575
2023-01-02 09:15:57,RELIANCE,1001.96,96
2023-01-02 09:15:58,RELIANCE,1002.44,900
2023-01-02 09:15:59,RELIANCE,1002.33,749
2023-01-02 09:16:00,RELIANCE,1002.51,655
2023-01-02 09:16:01,RELIANCE,1002.11,160
2023-01-02 09:16:02,RELIANCE,1002.48,839
2023-01-02 09:16:03,RELIANCE,1002.08,578
2023-01-02 09:16:04,RELIANCE,1001.83,682
2023-01-02 09:16:05,RELIANCE,1002.08,646
2023-01-02 09:16:06,RELIANCE,1002.66,796
2023-01-02 09:16:07,RELIANCE,1002.39,798
2023-01-02 09:16:08,RELIANCE,1002.65,958
2023-01-02 09:16:09,RELIANCE,1003.34,348
2023-01-02 09:16:10,RELIANCE,1003.42,473
2023-01-02 09:16:11,RELIANCE,1003.07,377
2023-01-02 09:16:12,RELIANCE,1002.91,283
2023-01-02 09:16:13,RELIANCE,1003.55,745
2023-01-02 09:16:14,RELIANCE,1003.4,259
2023-01-02 09:16:15,RELIANCE,1003.4,649
2023-01-02 09:16:16,RELIANCE,1003.29,318
2023-01-02 09:16:17,RELIANCE,1003.09,684
2023-01-02 09:16:18,RELIANCE,1002.94,664
2023-01-02 09:16:19,RELIANCE,1002.86,608
2023-01-02 09:16:20,RELIANCE,1003.06,472
2023-01-02 09:16:21,RELIANCE,1002.59,497
2023-01-02 09:16:22,RELIANCE,1003.29,442
2023-01-02 09:16:23,RELIANCE,1002.34,625
2023-01-02 09:16:24,RELIANCE,1002.32,952
2023-01-02 09:16:25,RELIANCE,1002.37,642
2023-01-02 09:16:26,RELIANCE,1002.16,220
2023-01-02 09:16:27,RELIANCE,1002.06,130
2023-01-02 09:16:28,RELIANCE,1002.21,53
2023-01-02 09:16:29,RELIANCE,1002.38,416
2023-01-02 09:16:30,RELIANCE,1002.38,247
2023-01-02 09:16:31,RELIANCE,1002.95,123
2023-01-02 09:16:32,RELIANCE,1003.33,401
2023-01-02 09:16:33,RELIANCE,1002.92,884
2023-01-02 09:16:34,RELIANCE,1003.62,610
2023-01-02 09:16:35,RELIANCE,1003.91,752
2023-01-02 09:16:36,RELIANCE,1005.01,144
2023-01-02 09:16:37,RELIANCE,1004.76,326
2023-01-02 09:16:38,RELIANCE,1005.22,464
2023-01-02 09:16:39,RELIANCE,1005.27,955
2023-01-02 09:16:40,RELIANCE,1005.02,932
2023-01-02 09:16:41,RELIANCE,1005.02,147
2023-01-02 09:16:42,RELIANCE,1004.84,148
2023-01-02 09:16:43,RELIANCE,1004.31,929
2023-01-02 09:16:44,RELIANCE,1004.55,936
2023-01-02 09:16:45,RELIANCE,1004.86,641
2023-01-02 09:16:46,RELIANCE,1004.78,779
2023-01-02 09:16:47,RELIANCE,1004.38,151
2023-01-02 09:16:48,RELIANCE,1004.22,415
2023-01-02 09:16:49,RELIANCE,1004.04,764
2023-01-02 09:16:50,RELIANCE,1004.32,144
2023-01-02 09:16:51,RELIANCE,1004.44,572
2023-01-02 09:16:52,RELIANCE,1005.09,881
2023-01-02 09:16:53,RELIANCE,1004.93,652
2023-01-02 09:16:54,RELIANCE,1004.82,453
2023-01-02 09:16:55,RELIANCE,1004.95,9
2023-01-02 09:16:56,RELIANCE,1005.35,233
2023-01-02 09:16:57,RELIANCE,1006.0,131
2023-01-02 09:16:58,RELIANCE,1005.56,404
2023-01-02 09:16:59,RELIANCE,1005.69,920
2023-01-02 09:17:00,RELIANCE,1005.86,628
2023-01-02 09:17:01,RELIANCE,1005.97,227
2023-01-02 09:17:02,RELIANCE,1006.4,112
2023-01-02 09:17:03,RELIANCE,1006.54,861
2023-01-02 09:17:04,RELIANCE,1006.19,914
2023-01-02 09:17:05,RELIANCE,1006.27,822
2023-01-02 09:17:06,RELIANCE,1005.67,163
2023-01-02 09:17:07,RELIANCE,1005.07,161
2023-01-02 09:17:08,RELIANCE,1005.4,580
2023-01-02 09:17:09,RELIANCE,1005.02,916
2023-01-02 09:17:10,RELIANCE,1004.46,504
2023-01-02 09:17:11,RELIANCE,1004.94,401
2023-01-02 09:17:12,RELIANCE,1005.15,640
2023-01-02 09:17:13,RELIANCE,1004.71,883
2023-01-02 09:17:14,RELIANCE,1004.78,470
2023-01-02 09:17:15,RELIANCE,1004.34,38
2023-01-02 09:17:16,RELIANCE,1003.93,230
2023-01-02 09:17:17,RELIANCE,1004.37,283
2023-01-02 09:17:18,RELIANCE,1004.25,27
2023-01-02 09:17:19,RELIANCE,1004.26,284
2023-01-02 09:17:20,RELIANCE,1004.98,879
2023-01-02 09:17:21,RELIANCE,1004.28,829
2023-01-02 09:17:22,RELIANCE,1004.26,816
2023-01-02 09:17:23,RELIANCE,1003.73,220
2023-01-02 09:17:24,RELIANCE,1003.97,158
2023-01-02 09:17:25,RELIANCE,1003.91,181
2023-01-02 09:17:26,RELIANCE,1004.28,607
2023-01-02 09:17:27,RELIANCE,1003.85,983
2023-01-02 09:17:28,RELIANCE,1003.1,161
2023-01-02 09:17:29,RELIANCE,1002.63,793
2023-01-02 09:17:30,RELIANCE,1002.38,735
2023-01-02 09:17:31,RELIANCE,1001.8,639
2023-01-02 09:17:32,RELIANCE,1002.5,155
2023-01-02 09:17:33,RELIANCE,1001.99,104
2023-01-02 09:17:34,RELIANCE,1001.39,929
2023-01-02 09:17:35,RELIANCE,1001.6,39
2023-01-02 09:17:36,RELIANCE,1001.24,477
2023-01-02 09:17:37,RELIANCE,1000.91,818
2023-01-02 09:17:38,RELIANCE,1000.06,921
2023-01-02 09:17:39,RELIANCE,999.69,903
2023-01-02 09:17:40,RELIANCE,999.79,825
2023-01-02 09:17:41,RELIANCE,999.2,776
2023-01-02 09:17:42,RELIANCE,999.45,512
2023-01-02 09:17:43,RELIANCE,999.17,883
2023-01-02 09:17:44,RELIANCE,999.11,471
2023-01-02 09:17:45,RELIANCE,999.14,800
2023-01-02 09:17:46,RELIANCE,998.93,727
2023-01-02 09:17:47,RELIANCE,998.33,698
2023-01-02 09:17:48,RELIANCE,998.94,575
2023-01-02 09:17:49,RELIANCE,998.73,682
2023-01-02 09:17:50,RELIANCE,999.03,838
2023-01-02 09:17:51,RELIANCE,999.2,613
2023-01-02 09:17:52,RELIANCE,998.26,993
2023-01-02 09:17:53,RELIANCE,997.99,620
2023-01-02 09:17:54,RELIANCE,998.38,5
2023-01-02 09:17:55,RELIANCE,998.99,992
2023-01-02 09:17:56,RELIANCE,998.91,884
2023-01-02 09:17:57,RELIANCE,999.74,936
2023-01-02 09:17:58,RELIANCE,999.37,820
2023-01-02 09:17:59,RELIANCE,998.72,58
2023-01-02 09:18:00,RELIANCE,997.72,951
2023-01-02 09:18:01,RELIANCE,997.36,830
2023-01-02 09:18:02,RELIANCE,997.07,791
2023-01-02 09:18:03,RELIANCE,997.96,641
2023-01-02 09:18:04,RELIANCE,997.62,58
2023-01-02 09:18:05,RELIANCE,997.56,96
2023-01-02 09:18:06,RELIANCE,997.98,638
2023-01-02 09:18:07,RELIANCE,998.07,189
2023-01-02 09:18:08,RELIANCE,998.36,999
2023-01-02 09:18:09,RELIANCE,997.97,861
2023-01-02 09:18:10,RELIANCE,998.93,247
2023-01-02 09:18:11,RELIANCE,998.97,435
2023-01-02 09:18:12,RELIANCE,998.67,997
2023-01-02 09:18:13,RELIANCE,998.5,220
2023-01-02 09:18:14,RELIANCE,998.1,69
2023-01-02 09:18:15,RELIANCE,997.96,958
2023-01-02 09:18:16,RELIANCE,997.65,453
2023-01-02 09:18:17,RELIANCE,997.19,432
2023-01-02 09:18:18,RELIANCE,997.16,341
2023-01-02 09:18:19,RELIANCE,996.51,734
2023-01-02 09:18:20,RELIANCE,996.46,357
2023-01-02 09:18:21,RELIANCE,997.28,837
2023-01-02 09:18:22,RELIANCE,996.56,100
2023-01-02 09:18:23,RELIANCE,996.5,762
2023-01-02 09:18:24,RELIANCE,996.27,659
2023-01-02 09:18:25,RELIANCE,996.85,325
2023-01-02 09:18:26,RELIANCE,996.85,516
2023-01-02 09:18:27,RELIANCE,997.14,258
2023-01-02 09:18:28,RELIANCE,997.21,497
2023-01-02 09:18:29,RELIANCE,997.38,852
2023-01-02 09:18:30,RELIANCE,997.85,664
2023-01-02 09:18:31,RELIANCE,998.22,545
2023-01-02 09:18:32,RELIANCE,999.12,929
2023-01-02 09:18:33,RELIANCE,999.37,268
2023-01-02 09:18:34,RELIANCE,999.6,835
2023-01-02 09:18:35,RELIANCE,999.85,43
2023-01-02 09:18:36,RELIANCE,1000.38,556
2023-01-02 09:18:37,RELIANCE,999.94,302
2023-01-02 09:18:38,RELIANCE,999.59,898
2023-01-02 09:18:39,RELIANCE,999.64,727
2023-01-02 09:18:40,RELIANCE,999.43,849
2023-01-02 09:18:41,RELIANCE,998.85,970
2023-01-02 09:18:42,RELIANCE,999.64,602
2023-01-02 09:18:43,RELIANCE,999.02,903
2023-01-02 09:18:44,RELIANCE,998.6,196
2023-01-02 09:18:45,RELIANCE,998.08,75
2023-01-02 09:18:46,RELIANCE,998.75,413
2023-01-02 09:18:47,RELIANCE,998.7,761
2023-01-02 09:18:48,RELIANCE,998.45,676
2023-01-02 09:18:49,RELIANCE,998.72,192
2023-01-02 09:18:50,RELIANCE,998.37,739
2023-01-02 09:18:51,RELIANCE,998.36,978
2023-01-02 09:18:52,RELIANCE,998.42,999
2023-01-02 09:18:53,RELIANCE,998.94,736
2023-01-02 09:18:54,RELIANCE,999.05,37
2023-01-02 09:18:55,RELIANCE,999.44,279
2023-01-02 09:18:56,RELIANCE,998.88,217
2023-01-02 09:18:57,RELIANCE,998.57,881
2023-01-02 09:18:58,RELIANCE,997.9,62
2023-01-02 09:18:59,RELIANCE,996.67,397
2023-01-02 09:19:00,RELIANCE,996.63,699
2023-01-02 09:19:01,RELIANCE,996.83,735
2023-01-02 09:19:02,RELIANCE,996.76,384
2023-01-02 09:19:03,RELIANCE,996.09,144
2023-01-02 09:19:04,RELIANCE,994.41,885
2023-01-02 09:19:05,RELIANCE,994.51,948
2023-01-02 09:19:06,RELIANCE,994.11,891
2023-01-02 09:19:07,RELIANCE,993.94,693
2023-01-02 09:19:08,RELIANCE,994.06,42
2023-01-02 09:19:09,RELIANCE,994.97,751
2023-01-02 09:19:10,RELIANCE,995.17,588
2023-01-02 09:19:11,RELIANCE,995.62,913
2023-01-02 09:19:12,RELIANCE,995.86,253
2023-01-02 09:19:13,RELIANCE,995.73,168
2023-01-02 09:19:14,RELIANCE,996.33,170
2023-01-02 09:19:15,RELIANCE,996.77,194
2023-01-02 09:19:16,RELIANCE,996.65,517
2023-01-02 09:19:17,RELIANCE,995.86,648
2023-01-02 09:19:18,RELIANCE,995.9,496
2023-01-02 09:19:19,RELIANCE,996.05,301
2023-01-02 09:19:20,RELIANCE,995.95,132
2023-01-02 09:19:21,RELIANCE,996.62,787
2023-01-02 09:19:22,RELIANCE,996.14,445
2023-01-02 09:19:23,RELIANCE,996.88,714
2023-01-02 09:19:24,RELIANCE,996.44,858
2023-01-02 09:19:25,RELIANCE,996.08,173
2023-01-02 09:19:26,RELIANCE,995.14,653
2023-01-02 09:19:27,RELIANCE,995.86,660
2023-01-02 09:19:28,RELIANCE,994.9,476
2023-01-02 09:19:29,RELIANCE,995.23,935
2023-01-02 09:19:30,RELIANCE,995.49,1
2023-01-02 09:19:31,RELIANCE,994.94,505
2023-01-02 09:19:32,RELIANCE,995.32,191
2023-01-02 09:19:33,RELIANCE,994.9,929
2023-01-02 09:19:34,RELIANCE,994.88,934
2023-01-02 09:19:35,RELIANCE,995.56,685
2023-01-02 09:19:36,RELIANCE,995.41,672
2023-01-02 09:19:37,RELIANCE,994.46,80
2023-01-02 09:19:38,RELIANCE,994.76,886
2023-01-02 09:19:39,RELIANCE,995.19,441
2023-01-02 09:19:40,RELIANCE,994.65,402
2023-01-02 09:19:41,RELIANCE,994.42,143
2023-01-02 09:19:42,RELIANCE,994.14,415
2023-01-02 09:19:43,RELIANCE,994.86,971
2023-01-02 09:19:44,RELIANCE,994.51,12
2023-01-02 09:19:45,RELIANCE,994.07,373
2023-01-02 09:19:46,RELIANCE,993.95,8
2023-01-02 09:19:47,RELIANCE,994.18,648
2023-01-02 09:19:48,RELIANCE,993.66,698
2023-01-02 09:19:49,RELIANCE,993.28,869
2023-01-02 09:19:50,RELIANCE,992.85,41
2023-01-02 09:19:51,RELIANCE,992.68,959
2023-01-02 09:19:52,RELIANCE,991.85,145
2023-01-02 09:19:53,RELIANCE,991.53,461
2023-01-02 09:19:54,RELIANCE,990.73,732
2023-01-02 09:19:55,RELIANCE,990.41,547
2023-01-02 09:19:56,RELIANCE,990.21,253
2023-01-02 09:19:57,RELIANCE,990.14,709
2023-01-02 09:19:58,RELIANCE,990.47,815
2023-01-02 09:19:59,RELIANCE,990.54,5
2023-01-02 09:20:00,RELIANCE,991.06,119
2023-01-02 09:20:01,RELIANCE,991.76,146
2023-01-02 09:20:02,RELIANCE,991.53,224
2023-01-02 09:20:03,RELIANCE,991.23,827
2023-01-02 09:20:04,RELIANCE,991.94,795
2023-01-02 09:20:05,RELIANCE,991.6,105
2023-01-02 09:20:06,RELIANCE,991.65,99
2023-01-02 09:20:07,RELIANCE,991.76,709
2023-01-02 09:20:08,RELIANCE,991.52,863
2023-01-02 09:20:09,RELIANCE,991.68,23
2023-01-02 09:20:10,RELIANCE,991.78,997
2023-01-02 09:20:11,RELIANCE,992.24,83
2023-01-02 09:20:12,RELIANCE,992.64,145
2023-01-02 09:20:13,RELIANCE,992.27,1
2023-01-02 09:20:14,RELIANCE,991.95,51
2023-01-02 09:20:15,RELIANCE,991.51,449
2023-01-02 09:20:16,RELIANCE,991.18,881
2023-01-02 09:20:17,RELIANCE,989.44,771
2023-01-02 09:20:18,RELIANCE,989.31,891
2023-01-02 09:20:19,RELIANCE,989.77,236
2023-01-02 09:20:20,RELIANCE,989.49,389
2023-01-02 09:20:21,RELIANCE,989.21,919
2023-01-02 09:20:22,RELIANCE,990.48,207
2023-01-02 09:20:23,RELIANCE,990.77,75
2023-01-02 09:20:24,RELIANCE,991.38,435
2023-01-02 09:20:25,RELIANCE,991.5,738
2023-01-02 09:20:26,RELIANCE,991.9,806
2023-01-02 09:20:27,RELIANCE,992.7,335
2023-01-02 09:20:28,RELIANCE,993.34,859
2023-01-02 09:20:29,RELIANCE,993.47,249
2023-01-02 09:20:30,RELIANCE,993.24,166
2023-01-02 09:20:31,RELIANCE,993.67,542
2023-01-02 09:20:32,RELIANCE,993.62,759
2023-01-02 09:20:33,RELIANCE,994.57,797
2023-01-02 09:20:34,RELIANCE,994.69,900
2023-01-02 09:20:35,RELIANCE,995.29,785
2023-01-02 09:20:36,RELIANCE,995.22,508
2023-01-02 09:20:37,RELIANCE,994.46,126
2023-01-02 09:20:38,RELIANCE,995.06,747
2023-01-02 09:20:39,RELIANCE,994.15,111
2023-01-02 09:20:40,RELIANCE,994.61,761
2023-01-02 09:20:41,RELIANCE,995.78,971
2023-01-02 09:20:42,RELIANCE,995.23,374
2023-01-02 09:20:43,RELIANCE,994.78,900
2023-01-02 09:20:44,RELIANCE,995.06,696
2023-01-02 09:20:45,RELIANCE,995.56,667
2023-01-02 09:20:46,RELIANCE,995.44,93
2023-01-02 09:20:47,RELIANCE,995.48,51
2023-01-02 09:20:48,RELIANCE,995.65,403
2023-01-02 09:20:49,RELIANCE,995.4,682
2023-01-02 09:20:50,RELIANCE,995.92,829
2023-01-02 09:20:51,RELIANCE,995.95,645
2023-01-02 09:20:52,RELIANCE,995.7,233
2023-01-02 09:20:53,RELIANCE,996.1,945
2023-01-02 09:20:54,RELIANCE,995.95,78
2023-01-02 09:20:55,RELIANCE,995.35,794
2023-01-02 09:20:56,RELIANCE,994.76,249
2023-01-02 09:20:57,RELIANCE,995.75,56
2023-01-02 09:20:58,RELIANCE,995.65,350
2023-01-02 09:20:59,RELIANCE,995.46,337
2023-01-02 09:21:00,RELIANCE,994.93,26
2023-01-02 09:21:01,RELIANCE,995.02,303
2023-01-02 09:21:02,RELIANCE,995.04,639
2023-01-02 09:21:03,RELIANCE,995.02,28
2023-01-02 09:21:04,RELIANCE,995.05,983
2023-01-02 09:21:05,RELIANCE,995.94,666
2023-01-02 09:21:06,RELIANCE,996.06,526
2023-01-02 09:21:07,RELIANCE,996.5,363
2023-01-02 09:21:08,RELIANCE,996.73,751
2023-01-02 09:21:09,RELIANCE,996.15,192
2023-01-02 09:21:10,RELIANCE,995.32,985
2023-01-02 09:21:11,RELIANCE,994.93,39
2023-01-02 09:21:12,RELIANCE,995.22,953
2023-01-02 09:21:13,RELIANCE,994.44,525
2023-01-02 09:21:14,RELIANCE,994.54,212
2023-01-02 09:21:15,RELIANCE,993.46,233
2023-01-02 09:21:16,RELIANCE,993.26,109
2023-01-02 09:21:17,RELIANCE,994.55,470
2023-01-02 09:21:18,RELIANCE,994.23,34
2023-01-02 09:21:19,RELIANCE,995.28,748
2023-01-02 09:21:20,RELIANCE,995.97,595
2023-01-02 09:21:21,RELIANCE,995.21,692
2023-01-02 09:21:22,RELIANCE,994.64,282
2023-01-02 09:21:23,RELIANCE,993.93,315
2023-01-02 09:21:24,RELIANCE,994.23,877
2023-01-02 09:21:25,RELIANCE,994.48,437
2023-01-02 09:21:26,RELIANCE,994.38,662
2023-01-02 09:21:27,RELIANCE,994.08,624
2023-01-02 09:21:28,RELIANCE,993.45,516
2023-01-02 09:21:29,RELIANCE,993.84,847
2023-01-02 09:21:30,RELIANCE,993.92,646
2023-01-02 09:21:31,RELIANCE,993.91,998
2023-01-02 09:21:32,RELIANCE,994.14,947
2023-01-02 09:21:33,RELIANCE,994.42,715
2023-01-02 09:21:34,RELIANCE,994.84,392
2023-01-02 09:21:35,RELIANCE,995.46,645
2023-01-02 09:21:36,RELIANCE,995.42,326
2023-01-02 09:21:37,RELIANCE,995.74,140
2023-01-02 09:21:38,RELIANCE,995.33,559
2023-01-02 09:21:39,RELIANCE,995.82,550
2023-01-02 09:21:40,RELIANCE,996.2,805
2023-01-02 09:21:41,RELIANCE,996.59,845
2023-01-02 09:21:42,RELIANCE,996.59,259
2023-01-02 09:21:43,RELIANCE,996.52,10
2023-01-02 09:21:44,RELIANCE,996.31,261
2023-01-02 09:21:45,RELIANCE,996.82,321
2023-01-02 09:21:46,RELIANCE,996.53,319
2023-01-02 09:21:47,RELIANCE,997.08,971
2023-01-02 09:21:48,RELIANCE,997.47,911
2023-01-02 09:21:49,RELIANCE,996.23,606
2023-01-02 09:21:50,RELIANCE,995.83,95
2023-01-02 09:21:51,RELIANCE,995.92,588
2023-01-02 09:21:52,RELIANCE,995.96,995
2023-01-02 09:21:53,RELIANCE,996.01,918
2023-01-02 09:21:54,RELIANCE,995.93,572
2023-01-02 09:21:55,RELIANCE,995.87,873
2023-01-02 09:21:56,RELIANCE,995.93,229
2023-01-02 09:21:57,RELIANCE,995.68,725
2023-01-02 09:21:58,RELIANCE,995.47,165
2023-01-02 09:21:59,RELIANCE,995.74,410
2023-01-02 09:22:00,RELIANCE,996.25,574
2023-01-02 09:22:01,RELIANCE,996.69,89
2023-01-02 09:22:02,RELIANCE,996.53,402
2023-01-02 09:22:03,RELIANCE,996.4,526
2023-01-02 09:22:04,RELIANCE,997.05,800
2023-01-02 09:22:05,RELIANCE,996.12,23
2023-01-02 09:22:06,RELIANCE,995.94,575
2023-01-02 09:22:07,RELIANCE,995.15,225
2023-01-02 09:22:08,RELIANCE,995.16,503
2023-01-02 09:22:09,RELIANCE,994.79,104
2023-01-02 09:22:10,RELIANCE,994.81,947
2023-01-02 09:22:11,RELIANCE,993.67,579
2023-01-02 09:22:12,RELIANCE,994.38,391
2023-01-02 09:22:13,RELIANCE,994.84,500
2023-01-02 09:22:14,RELIANCE,995.39,15
2023-01-02 09:22:15,RELIANCE,995.38,478
2023-01-02 09:22:16,RELIANCE,995.91,231
2023-01-02 09:22:17,RELIANCE,996.32,411
2023-01-02 09:22:18,RELIANCE,996.83,951
2023-01-02 09:22:19,RELIANCE,996.65,834
2023-01-02 09:22:20,RELIANCE,996.44,522
2023-01-02 09:22:21,RELIANCE,997.26,118
2023-01-02 09:22:22,RELIANCE,997.24,806
2023-01-02 09:22:23,RELIANCE,996.12,877
2023-01-02 09:22:24,RELIANCE,996.46,216
2023-01-02 09:22:25,RELIANCE,996.48,648
2023-01-02 09:22:26,RELIANCE,997.74,261
2023-01-02 09:22:27,RELIANCE,996.45,685
2023-01-02 09:22:28,RELIANCE,996.26,130
2023-01-02 09:22:29,RELIANCE,996.27,932
2023-01-02 09:22:30,RELIANCE,996.2,292
2023-01-02 09:22:31,RELIANCE,996.56,660
2023-01-02 09:22:32,RELIANCE,997.35,11
2023-01-02 09:22:33,RELIANCE,997.29,134
2023-01-02 09:22:34,RELIANCE,997.45,712
2023-01-02 09:22:35,RELIANCE,996.61,363
2023-01-02 09:22:36,RELIANCE,996.31,396
2023-01-02 09:22:37,RELIANCE,996.18,616
2023-01-02 09:22:38,RELIANCE,995.96,828
2023-01-02 09:22:39,RELIANCE,995.52,324
2023-01-02 09:22:40,RELIANCE,995.62,133
2023-01-02 09:22:41,RELIANCE,995.73,106
2023-01-02 09:22:42,RELIANCE,995.95,604
2023-01-02 09:22:43,RELIANCE,995.64,51
2023-01-02 09:22:44,RELIANCE,995.54,29
2023-01-02 09:22:45,RELIANCE,995.23,420
2023-01-02 09:22:46,RELIANCE,994.98,182
2023-01-02 09:22:47,RELIANCE,994.75,950
2023-01-02 09:22:48,RELIANCE,995.22,567
2023-01-02 09:22:49,RELIANCE,995.49,431
2023-01-02 09:22:50,RELIANCE,994.81,969
2023-01-02 09:22:51,RELIANCE,994.41,313
2023-01-02 09:22:52,RELIANCE,994.74,117
2023-01-02 09:22:53,RELIANCE,994.29,244
2023-01-02 09:22:54,RELIANCE,994.41,537
2023-01-02 09:22:55,RELIANCE,993.63,347
2023-01-02 09:22:56,RELIANCE,992.24,529
2023-01-02 09:22:57,RELIANCE,992.02,763
2023-01-02 09:22:58,RELIANCE,992.06,179
2023-01-02 09:22:59,RELIANCE,992.29,180
2023-01-02 09:23:00,RELIANCE,991.53,710
2023-01-02 09:23:01,RELIANCE,991.17,666
2023-01-02 09:23:02,RELIANCE,991.62,156
2023-01-02 09:23:03,RELIANCE,991.66,849
2023-01-02 09:23:04,RELIANCE,990.92,84
2023-01-02 09:23:05,RELIANCE,992.06,342
2023-01-02 09:23:06,RELIANCE,991.24,476
2023-01-02 09:23:07,RELIANCE,990.57,327
2023-01-02 09:23:08,RELIANCE,990.65,769
2023-01-02 09:23:09,RELIANCE,990.21,435
2023-01-02 09:23:10,RELIANCE,989.41,891
2023-01-02 09:23:11,RELIANCE,989.12,670
2023-01-02 09:23:12,RELIANCE,989.69,285
2023-01-02 09:23:13,RELIANCE,988.97,144
2023-01-02 09:23:14,RELIANCE,989.7,424
2023-01-02 09:23:15,RELIANCE,988.88,371
2023-01-02 09:23:16,RELIANCE,989.23,175
2023-01-02 09:23:17,RELIANCE,990.44,113
2023-01-02 09:23:18,RELIANCE,991.42,114
2023-01-02 09:23:19,RELIANCE,992.21,644
2023-01-02 09:23:20,RELIANCE,992.21,897
2023-01-02 09:23:21,RELIANCE,991.92,643
2023-01-02 09:23:22,RELIANCE,991.81,800
2023-01-02 09:23:23,RELIANCE,992.07,162
2023-01-02 09:23:24,RELIANCE,991.92,380
2023-01-02 09:23:25,RELIANCE,992.53,835
2023-01-02 09:23:26,RELIANCE,991.44,984
2023-01-02 09:23:27,RELIANCE,991.46,328
2023-01-02 09:23:28,RELIANCE,990.75,54
2023-01-02 09:23:29,RELIANCE,991.16,51
2023-01-02 09:23:30,RELIANCE,990.22,609
2023-01-02 09:23:31,RELIANCE,991.08,803
2023-01-02 09:23:32,RELIANCE,991.3,96
2023-01-02 09:23:33,RELIANCE,991.3,814
2023-01-02 09:23:34,RELIANCE,991.33,491
2023-01-02 09:23:35,RELIANCE,991.2,823
2023-01-02 09:23:36,RELIANCE,990.67,944
2023-01-02 09:23:37,RELIANCE,990.78,673
2023-01-02 09:23:38,RELIANCE,990.42,151
2023-01-02 09:23:39,RELIANCE,990.59,82
2023-01-02 09:23:40,RELIANCE,991.03,514
2023-01-02 09:23:41,RELIANCE,991.14,523
2023-01-02 09:23:42,RELIANCE,991.51,746
2023-01-02 09:23:43,RELIANCE,991.28,119
2023-01-02 09:23:44,RELIANCE,991.83,396
2023-01-02 09:23:45,RELIANCE,991.59,256
2023-01-02 09:23:46,RELIANCE,992.1,734
2023-01-02 09:23:47,RELIANCE,992.57,867
2023-01-02 09:23:48,RELIANCE,992.39,500
2023-01-02 09:23:49,RELIANCE,992.48,59
2023-01-02 09:23:50,RELIANCE,991.99,727
2023-01-02 09:23:51,RELIANCE,991.82,115
2023-01-02 09:23:52,RELIANCE,992.49,209
2023-01-02 09:23:53,RELIANCE,992.65,237
2023-01-02 09:23:54,RELIANCE,991.79,281
2023-01-02 09:23:55,RELIANCE,991.48,235
2023-01-02 09:23:56,RELIANCE,991.27,494
2023-01-02 09:23:57,RELIANCE,991.28,109
2023-01-02 09:23:58,RELIANCE,991.45,610
2023-01-02 09:23:59,RELIANCE,990.64,17
2023-01-02 09:24:00,RELIANCE,990.92,677
2023-01-02 09:24:01,RELIANCE,991.43,599
2023-01-02 09:24:02,RELIANCE,991.67,629
2023-01-02 09:24:03,RELIANCE,992.48,821
2023-01-02 09:24:04,RELIANCE,993.26,455
2023-01-02 09:24:05,RELIANCE,993.85,981
2023-01-02 09:24:06,RELIANCE,993.98,476
2023-01-02 09:24:07,RELIANCE,993.77,130
2023-01-02 09:24:08,RELIANCE,994.5,822
2023-01-02 09:24:09,RELIANCE,994.33,292
2023-01-02 09:24:10,RELIANCE,994.43,371
2023-01-02 09:24:11,RELIANCE,994.12,296
2023-01-02 09:24:12,RELIANCE,993.42,11
2023-01-02 09:24:13,RELIANCE,994.09,807
2023-01-02 09:24:14,RELIANCE,993.65,744
2023-01-02 09:24:15,RELIANCE,993.17,623
2023-01-02 09:24:16,RELIANCE,994.49,664
2023-01-02 09:24:17,RELIANCE,994.54,289
2023-01-02 09:24:18,RELIANCE,994.62,762
2023-01-02 09:24:19,RELIANCE,994.34,958
2023-01-02 09:24:20,RELIANCE,994.4,507
2023-01-02 09:24:21,RELIANCE,993.55,154
2023-01-02 09:24:22,RELIANCE,994.05,450
2023-01-02 09:24:23,RELIANCE,994.03,939
2023-01-02 09:24:24,RELIANCE,994.91,616
2023-01-02 09:24:25,RELIANCE,994.14,131
2023-01-02 09:24:26,RELIANCE,993.94,498
2023-01-02 09:24:27,RELIANCE,994.25,478
2023-01-02 09:24:28,RELIANCE,994.74,102
2023-01-02 09:24:29,RELIANCE,993.86,44
2023-01-02 09:24:30,RELIANCE,994.43,955
2023-01-02 09:24:31,RELIANCE,994.39,815
2023-01-02 09:24:32,RELIANCE,994.7,12
2023-01-02 09:24:33,RELIANCE,995.23,776
2023-01-02 09:24:34,RELIANCE,995.29,991
2023-01-02 09:24:35,RELIANCE,995.57,374
2023-01-02 09:24:36,RELIANCE,996.11,976
2023-01-02 09:24:37,RELIANCE,995.89,89
2023-01-02 09:24:38,RELIANCE,996.2,268
2023-01-02 09:24:39,RELIANCE,996.42,919
2023-01-02 09:24:40,RELIANCE,996.52,794
2023-01-02 09:24:41,RELIANCE,996.93,782
2023-01-02 09:24:42,RELIANCE,997.0,335
2023-01-02 09:24:43,RELIANCE,996.46,688
2023-01-02 09:24:44,RELIANCE,996.98,840
2023-01-02 09:24:45,RELIANCE,997.55,935
2023-01-02 09:24:46,RELIANCE,997.51,995
2023-01-02 09:24:47,RELIANCE,997.98,273
2023-01-02 09:24:48,RELIANCE,997.72,526
2023-01-02 09:24:49,RELIANCE,997.02,188
2023-01-02 09:24:50,RELIANCE,997.27,813
2023-01-02 09:24:51,RELIANCE,997.38,936
2023-01-02 09:24:52,RELIANCE,997.14,986
2023-01-02 09:24:53,RELIANCE,997.01,527
2023-01-02 09:24:54,RELIANCE,997.08,888
2023-01-02 09:24:55,RELIANCE,997.8,921
2023-01-02 09:24:56,RELIANCE,997.9,397
2023-01-02 09:24:57,RELIANCE,998.33,426
2023-01-02 09:24:58,RELIANCE,998.47,108
2023-01-02 09:24:59,RELIANCE,998.51,416
2023-01-02 09:25:00,RELIANCE,999.05,608
2023-01-02 09:25:01,RELIANCE,999.66,477
2023-01-02 09:25:02,RELIANCE,999.32,318
2023-01-02 09:25:03,RELIANCE,1000.47,440
2023-01-02 09:25:04,RELIANCE,1000.29,748
2023-01-02 09:25:05,RELIANCE,999.44,389
2023-01-02 09:25:06,RELIANCE,998.57,577
2023-01-02 09:25:07,RELIANCE,998.36,142
2023-01-02 09:25:08,RELIANCE,998.21,376
2023-01-02 09:25:09,RELIANCE,997.71,958
2023-01-02 09:25:10,RELIANCE,997.19,293
2023-01-02 09:25:11,RELIANCE,997.17,817
2023-01-02 09:25:12,RELIANCE,997.29,889
2023-01-02 09:25:13,RELIANCE,996.75,805
2023-01-02 09:25:14,RELIANCE,997.09,61
2023-01-02 09:25:15,RELIANCE,997.37,807
2023-01-02 09:25:16,RELIANCE,996.61,440
2023-01-02 09:25:17,RELIANCE,996.73,62
2023-01-02 09:25:18,RELIANCE,997.19,845
2023-01-02 09:25:19,RELIANCE,997.12,861
2023-01-02 09:25:20,RELIANCE,996.79,575
2023-01-02 09:25:21,RELIANCE,997.1,366
2023-01-02 09:25:22,RELIANCE,996.85,330
2023-01-02 09:25:23,RELIANCE,996.78,937
2023-01-02 09:25:24,RELIANCE,996.53,753
2023-01-02 09:25:25,RELIANCE,996.79,727
2023-01-02 09:25:26,RELIANCE,997.39,689
2023-01-02 09:25:27,RELIANCE,998.64,753
2023-01-02 09:25:28,RELIANCE,998.87,573
2023-01-02 09:25:29,RELIANCE,998.93,850
2023-01-02 09:25:30,RELIANCE,998.07,62
2023-01-02 09:25:31,RELIANCE,999.19,893
2023-01-02 09:25:32,RELIANCE,998.86,89
2023-01-02 09:25:33,RELIANCE,999.63,610
2023-01-02 09:25:34,RELIANCE,1000.53,267
2023-01-02 09:25:35,RELIANCE,1000.35,988
2023-01-02 09:25:36,RELIANCE,1000.64,541
2023-01-02 09:25:37,RELIANCE,1000.78,40
2023-01-02 09:25:38,RELIANCE,1000.95,537
2023-01-02 09:25:39,RELIANCE,1000.52,984
2023-01-02 09:25:40,RELIANCE,1000.58,124
2023-01-02 09:25:41,RELIANCE,999.89,901
2023-01-02 09:25:42,RELIANCE,999.52,176
2023-01-02 09:25:43,RELIANCE,999.1,316
2023-01-02 09:25:44,RELIANCE,999.1,688
2023-01-02 09:25:45,RELIANCE,998.84,593
2023-01-02 09:25:46,RELIANCE,998.95,114
2023-01-02 09:25:47,RELIANCE,997.21,349
2023-01-02 09:25:48,RELIANCE,996.77,115
2023-01-02 09:25:49,RELIANCE,996.53,866
2023-01-02 09:25:50,RELIANCE,997.05,40
2023-01-02 09:25:51,RELIANCE,996.23,262
2023-01-02 09:25:52,RELIANCE,996.46,216
2023-01-02 09:25:53,RELIANCE,996.76,353
2023-01-02 09:25:54,RELIANCE,997.31,571
2023-01-02 09:25:55,RELIANCE,997.52,363
2023-01-02 09:25:56,RELIANCE,997.87,557
2023-01-02 09:25:57,RELIANCE,998.41,191
2023-01-02 09:25:58,RELIANCE,998.99,667
2023-01-02 09:25:59,RELIANCE,998.67,747
2023-01-02 09:26:00,RELIANCE,998.91,557
2023-01-02 09:26:01,RELIANCE,998.82,363
2023-01-02 09:26:02,RELIANCE,998.9,437
2023-01-02 09:26:03,RELIANCE,998.55,356
2023-01-02 09:26:04,RELIANCE,998.8,258
2023-01-02 09:26:05,RELIANCE,998.81,295
2023-01-02 09:26:06,RELIANCE,999.45,962
2023-01-02 09:26:07,RELIANCE,999.86,113
2023-01-02 09:26:08,RELIANCE,999.12,233
2023-01-02 09:26:09,RELIANCE,998.44,700
2023-01-02 09:26:10,RELIANCE,998.81,448
2023-01-02 09:26:11,RELIANCE,999.56,326
2023-01-02 09:26:12,RELIANCE,999.66,467
2023-01-02 09:26:13,RELIANCE,999.79,224
2023-01-02 09:26:14,RELIANCE,1000.58,994
2023-01-02 09:26:15,RELIANCE,1001.18,222
2023-01-02 09:26:16,RELIANCE,1000.46,37
2023-01-02 09:26:17,RELIANCE,1000.24,731
2023-01-02 09:26:18,RELIANCE,1000.34,192
2023-01-02 09:26:19,RELIANCE,1000.15,906
2023-01-02 09:26:20,RELIANCE,1000.24,886
2023-01-02 09:26:21,RELIANCE,1000.84,210
2023-01-02 09:26:22,RELIANCE,1000.08,306
2023-01-02 09:26:23,RELIANCE,1001.09,948
2023-01-02 09:26:24,RELIANCE,1000.72,381
2023-01-02 09:26:25,RELIANCE,1000.4,33
2023-01-02 09:26:26,RELIANCE,1000.32,646
2023-01-02 09:26:27,RELIANCE,1000.89,459
2023-01-02 09:26:28,RELIANCE,1000.66,570
2023-01-02 09:26:29,RELIANCE,1001.0,99
2023-01-02 09:26:30,RELIANCE,1000.97,397
2023-01-02 09:26:31,RELIANCE,1001.02,797
2023-01-02 09:26:32,RELIANCE,1001.6,157
2023-01-02 09:26:33,RELIANCE,1002.02,687
2023-01-02 09:26:34,RELIANCE,1001.77,974
2023-01-02 09:26:35,RELIANCE,1001.53,707
2023-01-02 09:26:36,RELIANCE,1001.35,849
2023-01-02 09:26:37,RELIANCE,1001.57,869
2023-01-02 09:26:38,RELIANCE,1001.69,955
2023-01-02 09:26:39,RELIANCE,1000.76,570
2023-01-02 09:26:40,RELIANCE,1000.48,892
2023-01-02 09:26:41,RELIANCE,1000.95,163
2023-01-02 09:26:42,RELIANCE,1001.38,832
2023-01-02 09:26:43,RELIANCE,1001.58,786
2023-01-02 09:26:44,RELIANCE,1001.93,271
2023-01-02 09:26:45,RELIANCE,1003.19,60
2023-01-02 09:26:46,RELIANCE,1002.36,430
2023-01-02 09:26:47,RELIANCE,1002.28,562
2023-01-02 09:26:48,RELIANCE,1001.69,199
2023-01-02 09:26:49,RELIANCE,1001.21,693
2023-01-02 09:26:50,RELIANCE,1001.38,536
2023-01-02 09:26:51,RELIANCE,1001.47,558
2023-01-02 09:26:52,RELIANCE,1001.83,527
2023-01-02 09:26:53,RELIANCE,1001.31,273
2023-01-02 09:26:54,RELIANCE,1001.29,894
2023-01-02 09:26:55,RELIANCE,1000.95,678
2023-01-02 09:26:56,RELIANCE,1001.85,944
2023-01-02 09:26:57,RELIANCE,1001.48,501
2023-01-02 09:26:58,RELIANCE,1001.47,117
2023-01-02 09:26:59,RELIANCE,1000.75,64
2023-01-02 09:27:00,RELIANCE,1001.73,717
2023-01-02 09:27:01,RELIANCE,1001.67,990
2023-01-02 09:27:02,RELIANCE,1001.08,320
2023-01-02 09:27:03,RELIANCE,1001.24,166
2023-01-02 09:27:04,RELIANCE,1001.21,544
2023-01-02 09:27:05,RELIANCE,1001.82,102
2023-01-02 09:27:06,RELIANCE,1002.19,425
2023-01-02 09:27:07,RELIANCE,1002.17,88
2023-01-02 09:27:08,RELIANCE,1001.89,553
2023-01-02 09:27:09,RELIANCE,1001.89,86
2023-01-02 09:27:10,RELIANCE,1001.31,92
2023-01-02 09:27:11,RELIANCE,1001.57,928
2023-01-02 09:27:12,RELIANCE,1002.46,242
2023-01-02 09:27:13,RELIANCE,1002.57,801
2023-01-02 09:27:14,RELIANCE,1001.54,745
2023-01-02 09:27:15,RELIANCE,1001.41,116
2023-01-02 09:27:16,RELIANCE,1001.37,666
2023-01-02 09:27:17,RELIANCE,1000.87,871
2023-01-02 09:27:18,RELIANCE,1000.73,90
2023-01-02 09:27:19,RELIANCE,1001.22,994
2023-01-02 09:27:20,RELIANCE,1001.53,106
2023-01-02 09:27:21,RELIANCE,1002.23,902
2023-01-02 09:27:22,RELIANCE,1002.69,9
2023-01-02 09:27:23,RELIANCE,1003.6,264
2023-01-02 09:27:24,RELIANCE,1003.78,840
2023-01-02 09:27:25,RELIANCE,1004.23,318
2023-01-02 09:27:26,RELIANCE,1004.54,111
2023-01-02 09:27:27,RELIANCE,1004.6,314
2023-01-02 09:27:28,RELIANCE,1005.08,22
2023-01-02 09:27:29,RELIANCE,1006.11,809
2023-01-02 09:27:30,RELIANCE,1005.77,700
2023-01-02 09:27:31,RELIANCE,1005.58,12
2023-01-02 09:27:32,RELIANCE,1005.69,87
2023-01-02 09:27:33,RELIANCE,1005.54,243
2023-01-02 09:27:34,RELIANCE,1006.62,122
2023-01-02 09:27:35,RELIANCE,1006.44,685
2023-01-02 09:27:36,RELIANCE,1005.43,904
2023-01-02 09:27:37,RELIANCE,1005.34,288
2023-01-02 09:27:38,RELIANCE,1005.86,307
2023-01-02 09:27:39,RELIANCE,1005.2,312
2023-01-02 09:27:40,RELIANCE,1005.8,873
2023-01-02 09:27:41,RELIANCE,1005.38,755
2023-01-02 09:27:42,RELIANCE,1005.37,35
2023-01-02 09:27:43,RELIANCE,1005.17,207
2023-01-02 09:27:44,RELIANCE,1004.46,353
2023-01-02 09:27:45,RELIANCE,1004.29,725
2023-01-02 09:27:46,RELIANCE,1004.47,159
2023-01-02 09:27:47,RELIANCE,1005.03,805
2023-01-02 09:27:48,RELIANCE,1004.9,516
2023-01-02 09:27:49,RELIANCE,1005.33,956
2023-01-02 09:27:50,RELIANCE,1005.72,152
2023-01-02 09:27:51,RELIANCE,1006.19,617
2023-01-02 09:27:52,RELIANCE,1007.67,420
2023-01-02 09:27:53,RELIANCE,1007.63,740
2023-01-02 09:27:54,RELIANCE,1007.44,578
2023-01-02 09:27:55,RELIANCE,1008.1,295
2023-01-02 09:27:56,RELIANCE,1008.32,938
2023-01-02 09:27:57,RELIANCE,1007.68,530
2023-01-02 09:27:58,RELIANCE,1006.9,552
2023-01-02 09:27:59,RELIANCE,1006.66,794
2023-01-02 09:28:00,RELIANCE,1006.97,520
2023-01-02 09:28:01,RELIANCE,1007.8,298
2023-01-02 09:28:02,RELIANCE,1007.03,940
2023-01-02 09:28:03,RELIANCE,1007.14,293
2023-01-02 09:28:04,RELIANCE,1005.98,837
2023-01-02 09:28:05,RELIANCE,1005.93,502
2023-01-02 09:28:06,RELIANCE,1005.56,828
2023-01-02 09:28:07,RELIANCE,1006.36,231
2023-01-02 09:28:08,RELIANCE,1005.54,985
2023-01-02 09:28:09,RELIANCE,1005.2,145
2023-01-02 09:28:10,RELIANCE,1005.34,891
2023-01-02 09:28:11,RELIANCE,1004.9,163
2023-01-02 09:28:12,RELIANCE,1004.09,229
2023-01-02 09:28:13,RELIANCE,1004.1,460
2023-01-02 09:28:14,RELIANCE,1004.05,952
2023-01-02 09:28:15,RELIANCE,1003.35,287
2023-01-02 09:28:16,RELIANCE,1003.07,395
2023-01-02 09:28:17,RELIANCE,1002.99,592
2023-01-02 09:28:18,RELIANCE,1003.49,970
2023-01-02 09:28:19,RELIANCE,1004.47,361
2023-01-02 09:28:20,RELIANCE,1004.17,257
2023-01-02 09:28:21,RELIANCE,1005.27,972
2023-01-02 09:28:22,RELIANCE,1004.64,513
2023-01-02 09:28:23,RELIANCE,1004.27,284
2023-01-02 09:28:24,RELIANCE,1003.61,121
2023-01-02 09:28:25,RELIANCE,1002.8,204
2023-01-02 09:28:26,RELIANCE,1003.4,165
2023-01-02 09:28:27,RELIANCE,1003.75,824
2023-01-02 09:28:28,RELIANCE,1004.24,156
2023-01-02 09:28:29,RELIANCE,1004.32,251
2023-01-02 09:28:30,RELIANCE,1004.87,957
2023-01-02 09:28:31,RELIANCE,1004.71,282
2023-01-02 09:28:32,RELIANCE,1004.48,797
2023-01-02 09:28:33,RELIANCE,1003.86,485
2023-01-02 09:28:34,RELIANCE,1004.18,757
2023-01-02 09:28:35,RELIANCE,1005.04,276
2023-01-02 09:28:36,RELIANCE,1005.42,693
2023-01-02 09:28:37,RELIANCE,1006.41,126
2023-01-02 09:28:38,RELIANCE,1006.3,994
2023-01-02 09:28:39,RELIANCE,1005.53,427
2023-01-02 09:28:40,RELIANCE,1005.78,178
2023-01-02 09:28:41,RELIANCE,1005.99,151
2023-01-02 09:28:42,RELIANCE,1004.95,384
2023-01-02 09:28:43,RELIANCE,1004.98,8
2023-01-02 09:28:44,RELIANCE,1005.04,341
2023-01-02 09:28:45,RELIANCE,1005.18,352
2023-01-02 09:28:46,RELIANCE,1004.86,358
2023-01-02 09:28:47,RELIANCE,1004.76,802
2023-01-02 09:28:48,RELIANCE,1004.87,193
2023-01-02 09:28:49,RELIANCE,1004.85,145
2023-01-02 09:28:50,RELIANCE,1005.86,538
2023-01-02 09:28:51,RELIANCE,1005.96,588
2023-01-02 09:28:52,RELIANCE,1006.48,987
2023-01-02 09:28:53,RELIANCE,1006.58,801
2023-01-02 09:28:54,RELIANCE,1006.8,1
2023-01-02 09:28:55,RELIANCE,1007.12,53
2023-01-02 09:28:56,RELIANCE,1006.55,304
2023-01-02 09:28:57,RELIANCE,1006.17,220
2023-01-02 09:28:58,RELIANCE,1006.32,962
2023-01-02 09:28:59,RELIANCE,1006.28,688
2023-01-02 09:29:00,RELIANCE,1006.45,781
2023-01-02 09:29:01,RELIANCE,1006.62,489
2023-01-02 09:29:02,RELIANCE,1007.34,971
2023-01-02 09:29:03,RELIANCE,1007.21,494
2023-01-02 09:29:04,RELIANCE,1007.7,644
2023-01-02 09:29:05,RELIANCE,1008.22,594
2023-01-02 09:29:06,RELIANCE,1008.5,397
2023-01-02 09:29:07,RELIANCE,1008.35,331
2023-01-02 09:29:08,RELIANCE,1009.04,641
2023-01-02 09:29:09,RELIANCE,1009.1,601
2023-01-02 09:29:10,RELIANCE,1008.59,725
2023-01-02 09:29:11,RELIANCE,1008.04,711
2023-01-02 09:29:12,RELIANCE,1007.32,143
2023-01-02 09:29:13,RELIANCE,1006.88,473
2023-01-02 09:29:14,RELIANCE,1007.65,417
2023-01-02 09:29:15,RELIANCE,1007.33,940
2023-01-02 09:29:16,RELIANCE,1006.67,102
2023-01-02 09:29:17,RELIANCE,1006.76,622
2023-01-02 09:29:18,RELIANCE,1006.41,974
2023-01-02 09:29:19,RELIANCE,1006.06,3
2023-01-02 09:29:20,RELIANCE,1007.19,85
2023-01-02 09:29:21,RELIANCE,1007.22,454
2023-01-02 09:29:22,RELIANCE,1007.78,924
2023-01-02 09:29:23,RELIANCE,1007.09,293
2023-01-02 09:29:24,RELIANCE,1006.27,975
2023-01-02 09:29:25,RELIANCE,1007.43,944
2023-01-02 09:29:26,RELIANCE,1007.79,343
2023-01-02 09:29:27,RELIANCE,1008.09,891
2023-01-02 09:29:28,RELIANCE,1008.52,427
2023-01-02 09:29:29,RELIANCE,1008.39,715
2023-01-02 09:29:30,RELIANCE,1008.59,51
2023-01-02 09:29:31,RELIANCE,1008.21,893
2023-01-02 09:29:32,RELIANCE,1008.07,964
2023-01-02 09:29:33,RELIANCE,1007.63,539
2023-01-02 09:29:34,RELIANCE,1007.14,669
2023-01-02 09:29:35,RELIANCE,1007.23,144
2023-01-02 09:29:36,RELIANCE,1007.93,106
2023-01-02 09:29:37,RELIANCE,1008.68,945
2023-01-02 09:29:38,RELIANCE,1009.07,589
2023-01-02 09:29:39,RELIANCE,1008.58,459
2023-01-02 09:29:40,RELIANCE,1008.47,263
2023-01-02 09:29:41,RELIANCE,1007.98,909
2023-01-02 09:29:42,RELIANCE,1008.26,159
2023-01-02 09:29:43,RELIANCE,1007.96,938
2023-01-02 09:29:44,RELIANCE,1008.12,445
2023-01-02 09:29:45,RELIANCE,1008.82,385
2023-01-02 09:29:46,RELIANCE,1008.78,172
2023-01-02 09:29:47,RELIANCE,1008.84,891
2023-01-02 09:29:48,RELIANCE,1008.63,141
2023-01-02 09:29:49,RELIANCE,1009.23,726
2023-01-02 09:29:50,RELIANCE,1009.42,220
2023-01-02 09:29:51,RELIANCE,1009.07,10
2023-01-02 09:29:52,RELIANCE,1008.74,984
2023-01-02 09:29:53,RELIANCE,1009.31,584
2023-01-02 09:29:54,RELIANCE,1009.16,152
2023-01-02 09:29:55,RELIANCE,1008.54,293
2023-01-02 09:29:56,RELIANCE,1008.2,580
2023-01-02 09:29:57,RELIANCE,1008.6,60
2023-01-02 09:29:58,RELIANCE,1008.32,167
2023-01-02 09:29:59,RELIANCE,1007.98,676
2023-01-02 09:30:00,RELIANCE,1008.12,970
2023-01-02 09:30:01,RELIANCE,1009.23,687
2023-01-02 09:30:02,RELIANCE,1008.61,561
2023-01-02 09:30:03,RELIANCE,1008.93,631
2023-01-02 09:30:04,RELIANCE,1009.14,661
2023-01-02 09:30:05,RELIANCE,1009.75,160
2023-01-02 09:30:06,RELIANCE,1010.56,523
2023-01-02 09:30:07,RELIANCE,1010.28,509
2023-01-02 09:30:08,RELIANCE,1009.6,441
2023-01-02 09:30:09,RELIANCE,1009.75,803
2023-01-02 09:30:10,RELIANCE,1009.75,263
2023-01-02 09:30:11,RELIANCE,1009.35,374
2023-01-02 09:30:12,RELIANCE,1010.17,637
2023-01-02 09:30:13,RELIANCE,1010.66,999
2023-01-02 09:30:14,RELIANCE,1011.21,280
2023-01-02 09:30:15,RELIANCE,1011.49,167
2023-01-02 09:30:16,RELIANCE,1012.31,621
2023-01-02 09:30:17,RELIANCE,1011.76,425
2023-01-02 09:30:18,RELIANCE,1011.4,999
2023-01-02 09:30:19,RELIANCE,1011.42,642
2023-01-02 09:30:20,RELIANCE,1011.03,956
2023-01-02 09:30:21,RELIANCE,1010.72,149
2023-01-02 09:30:22,RELIANCE,1011.07,776
2023-01-02 09:30:23,RELIANCE,1011.24,812
2023-01-02 09:30:24,RELIANCE,1011.66,381
2023-01-02 09:30:25,RELIANCE,1010.98,130
2023-01-02 09:30:26,RELIANCE,1010.88,727
2023-01-02 09:30:27,RELIANCE,1010.13,803
2023-01-02 09:30:28,RELIANCE,1009.47,354
2023-01-02 09:30:29,RELIANCE,1008.49,662
2023-01-02 09:30:30,RELIANCE,1008.18,812
2023-01-02 09:30:31,RELIANCE,1008.83,311
2023-01-02 09:30:32,RELIANCE,1009.18,208
2023-01-02 09:30:33,RELIANCE,1008.4,55
2023-01-02 09:30:34,RELIANCE,1007.49,912
2023-01-02 09:30:35,RELIANCE,1007.48,542
2023-01-02 09:30:36,RELIANCE,1007.67,237
2023-01-02 09:30:37,RELIANCE,1007.3,286
2023-01-02 09:30:38,RELIANCE,1007.69,149
2023-01-02 09:30:39,RELIANCE,1007.57,456
2023-01-02 09:30:40,RELIANCE,1007.38,743
2023-01-02 09:30:41,RELIANCE,1007.52,460
2023-01-02 09:30:42,RELIANCE,1008.03,550
2023-01-02 09:30:43,RELIANCE,1007.88,749
2023-01-02 09:30:44,RELIANCE,1007.68,578
2023-01-02 09:30:45,RELIANCE,1006.91,761
2023-01-02 09:30:46,RELIANCE,1006.31,969
2023-01-02 09:30:47,RELIANCE,1006.97,702
2023-01-02 09:30:48,RELIANCE,1006.99,407
2023-01-02 09:30:49,RELIANCE,1007.21,143
2023-01-02 09:30:50,RELIANCE,1006.95,342
2023-01-02 09:30:51,RELIANCE,1005.95,12
2023-01-02 09:30:52,RELIANCE,1006.56,239
2023-01-02 09:30:53,RELIANCE,1007.0,429
2023-01-02 09:30:54,RELIANCE,1005.86,803
2023-01-02 09:30:55,RELIANCE,1006.04,462
2023-01-02 09:30:56,RELIANCE,1007.04,134
2023-01-02 09:30:57,RELIANCE,1006.86,526
2023-01-02 09:30:58,RELIANCE,1006.64,73
2023-01-02 09:30:59,RELIANCE,1006.42,206
2023-01-02 09:31:00,RELIANCE,1006.15,788
2023-01-02 09:31:01,RELIANCE,1006.5,962
2023-01-02 09:31:02,RELIANCE,1006.56,793
2023-01-02 09:31:03,RELIANCE,1005.58,95
2023-01-02 09:31:04,RELIANCE,1005.47,782
2023-01-02 09:31:05,RELIANCE,1005.21,483
2023-01-02 09:31:06,RELIANCE,1005.68,937
2023-01-02 09:31:07,RELIANCE,1005.93,482
2023-01-02 09:31:08,RELIANCE,1006.43,392
2023-01-02 09:31:09,RELIANCE,1006.91,79
2023-01-02 09:31:10,RELIANCE,1005.21,580
2023-01-02 09:31:11,RELIANCE,1005.33,543
2023-01-02 09:31:12,RELIANCE,1004.85,846
2023-01-02 09:31:13,RELIANCE,1004.66,447
2023-01-02 09:31:14,RELIANCE,1004.98,390
2023-01-02 09:31:15,RELIANCE,1004.15,287
2023-01-02 09:31:16,RELIANCE,1004.78,517
2023-01-02 09:31:17,RELIANCE,1004.67,642
2023-01-02 09:31:18,RELIANCE,1005.42,382
2023-01-02 09:31:19,RELIANCE,1005.14,329
2023-01-02 09:31:20,RELIANCE,1004.93,156
2023-01-02 09:31:21,RELIANCE,1004.62,80
2023-01-02 09:31:22,RELIANCE,1004.47,400
2023-01-02 09:31:23,RELIANCE,1004.48,615
2023-01-02 09:31:24,RELIANCE,1004.12,552
2023-01-02 09:31:25,RELIANCE,1004.33,820
2023-01-02 09:31:26,RELIANCE,1004.93,221
2023-01-02 09:31:27,RELIANCE,1005.18,231
2023-01-02 09:31:28,RELIANCE,1006.32,690
2023-01-02 09:31:29,RELIANCE,1005.64,519
2023-01-02 09:31:30,RELIANCE,1005.53,155
2023-01-02 09:31:31,RELIANCE,1006.13,741
2023-01-02 09:31:32,RELIANCE,1005.97,598
2023-01-02 09:31:33,RELIANCE,1005.86,742
2023-01-02 09:31:34,RELIANCE,1005.33,591
2023-01-02 09:31:35,RELIANCE,1006.21,888
2023-01-02 09:31:36,RELIANCE,1006.61,423
2023-01-02 09:31:37,RELIANCE,1005.84,986
2023-01-02 09:31:38,RELIANCE,1006.36,242
2023-01-02 09:31:39,RELIANCE,1005.76,997
2023-01-02 09:31:40,RELIANCE,1006.02,173
2023-01-02 09:31:41,RELIANCE,1005.95,497
2023-01-02 09:31:42,RELIANCE,1005.74,700
2023-01-02 09:31:43,RELIANCE,1005.73,768
2023-01-02 09:31:44,RELIANCE,1006.84,183
2023-01-02 09:31:45,RELIANCE,1006.65,594
2023-01-02 09:31:46,RELIANCE,1006.92,744
2023-01-02 09:31:47,RELIANCE,1007.14,925
2023-01-02 09:31:48,RELIANCE,1007.75,422
2023-01-02 09:31:49,RELIANCE,1007.99,625
2023-01-02 09:31:50,RELIANCE,1007.94,105
2023-01-02 09:31:51,RELIANCE,1008.08,425
2023-01-02 09:31:52,RELIANCE,1007.72,129
2023-01-02 09:31:53,RELIANCE,1007.88,956
2023-01-02 09:31:54,RELIANCE,1007.8,232
2023-01-02 09:31:55,RELIANCE,1008.87,802
2023-01-02 09:31:56,RELIANCE,1008.57,776
2023-01-02 09:31:57,RELIANCE,1008.71,79
2023-01-02 09:31:58,RELIANCE,1009.11,913
2023-01-02 09:31:59,RELIANCE,1009.13,467
2023-01-02 09:32:00,RELIANCE,1008.75,581
2023-01-02 09:32:01,RELIANCE,1008.79,101
2023-01-02 09:32:02,RELIANCE,1009.65,8
2023-01-02 09:32:03,RELIANCE,1009.47,408
2023-01-02 09:32:04,RELIANCE,1009.56,483
2023-01-02 09:32:05,RELIANCE,1009.16,366
2023-01-02 09:32:06,RELIANCE,1009.81,228
2023-01-02 09:32:07,RELIANCE,1010.41,391
2023-01-02 09:32:08,RELIANCE,1010.08,499
2023-01-02 09:32:09,RELIANCE,1009.86,261
2023-01-02 09:32:10,RELIANCE,1009.64,773
2023-01-02 09:32:11,RELIANCE,1010.23,320
2023-01-02 09:32:12,RELIANCE,1010.59,138
2023-01-02 09:32:13,RELIANCE,1010.9,962
2023-01-02 09:32:14,RELIANCE,1011.55,463
2023-01-02 09:32:15,RELIANCE,1011.39,382
2023-01-02 09:32:16,RELIANCE,1011.26,836
2023-01-02 09:32:17,RELIANCE,1011.59,378
2023-01-02 09:32:18,RELIANCE,1012.2,119
2023-01-02 09:32:19,RELIANCE,1011.88,488
2023-01-02 09:32:20,RELIANCE,1012.34,770
2023-01-02 09:32:21,RELIANCE,1013.07,351
2023-01-02 09:32:22,RELIANCE,1013.97,912
2023-01-02 09:32:23,RELIANCE,1014.24,523
2023-01-02 09:32:24,RELIANCE,1014.77,522
2023-01-02 09:32:25,RELIANCE,1015.05,183
2023-01-02 09:32:26,RELIANCE,1014.95,969
2023-01-02 09:32:27,RELIANCE,1014.42,124
2023-01-02 09:32:28,RELIANCE,1013.44,985
2023-01-02 09:32:29,RELIANCE,1013.18,980
2023-01-02 09:32:30,RELIANCE,1012.8,725
2023-01-02 09:32:31,RELIANCE,1012.78,113
2023-01-02 09:32:32,RELIANCE,1013.8,888
2023-01-02 09:32:33,RELIANCE,1014.18,780
2023-01-02 09:32:34,RELIANCE,1014.0,233
2023-01-02 09:32:35,RELIANCE,1015.06,661
2023-01-02 09:32:36,RELIANCE,1015.4,638
2023-01-02 09:32:37,RELIANCE,1015.65,647
2023-01-02 09:32:38,RELIANCE,1016.02,663
2023-01-02 09:32:39,RELIANCE,1015.5,598
2023-01-02 09:32:40,RELIANCE,1015.75,662
2023-01-02 09:32:41,RELIANCE,1015.95,283
2023-01-02 09:32:42,RELIANCE,1015.62,562
2023-01-02 09:32:43,RELIANCE,1015.64,88
2023-01-02 09:32:44,RELIANCE,1014.89,44
2023-01-02 09:32:45,RELIANCE,1015.05,701
2023-01-02 09:32:46,RELIANCE,1015.9,353
2023-01-02 09:32:47,RELIANCE,1014.95,19
2023-01-02 09:32:48,RELIANCE,1014.99,23
2023-01-02 09:32:49,RELIANCE,1015.37,367
2023-01-02 09:32:50,RELIANCE,1015.56,281
2023-01-02 09:32:51,RELIANCE,1015.24,362
2023-01-02 09:32:52,RELIANCE,1015.48,186
2023-01-02 09:32:53,RELIANCE,1015.38,874
2023-01-02 09:32:54,RELIANCE,1014.95,866
2023-01-02 09:32:55,RELIANCE,1015.08,896
2023-01-02 09:32:56,RELIANCE,1014.38,302
2023-01-02 09:32:57,RELIANCE,1013.79,937
2023-01-02 09:32:58,RELIANCE,1014.01,112
2023-01-02 09:32:59,RELIANCE,1014.15,598
2023-01-02 09:33:00,RELIANCE,1014.87,234
2023-01-02 09:33:01,RELIANCE,1014.48,418
2023-01-02 09:33:02,RELIANCE,1014.81,437
2023-01-02 09:33:03,RELIANCE,1014.08,755
2023-01-02 09:33:04,RELIANCE,1013.53,735
2023-01-02 09:33:05,RELIANCE,1013.89,101
2023-01-02 09:33:06,RELIANCE,1013.7,698
2023-01-02 09:33:07,RELIANCE,1013.29,20
2023-01-02 09:33:08,RELIANCE,1012.25,906
2023-01-02 09:33:09,RELIANCE,1012.36,805
2023-01-02 09:33:10,RELIANCE,1012.83,742
2023-01-02 09:33:11,RELIANCE,1013.67,405
2023-01-02 09:33:12,RELIANCE,1013.29,202
2023-01-02 09:33:13,RELIANCE,1012.53,57
2023-01-02 09:33:14,RELIANCE,1013.16,941
2023-01-02 09:33:15,RELIANCE,1013.25,516
2023-01-02 09:33:16,RELIANCE,1012.83,221
2023-01-02 09:33:17,RELIANCE,1012.55,336
2023-01-02 09:33:18,RELIANCE,1012.64,698
2023-01-02 09:33:19,RELIANCE,1013.57,766
2023-01-02 09:33:20,RELIANCE,1014.52,536
2023-01-02 09:33:21,RELIANCE,1015.03,159
2023-01-02 09:33:22,RELIANCE,1015.32,188
2023-01-02 09:33:23,RELIANCE,1015.32,878
2023-01-02 09:33:24,RELIANCE,1015.98,211
2023-01-02 09:33:25,RELIANCE,1015.89,542
2023-01-02 09:33:26,RELIANCE,1015.67,314
2023-01-02 09:33:27,RELIANCE,1016.14,704
2023-01-02 09:33:28,RELIANCE,1016.48,19
2023-01-02 09:33:29,RELIANCE,1015.91,183
2023-01-02 09:33:30,RELIANCE,1015.81,113
2023-01-02 09:33:31,RELIANCE,1015.39,628
2023-01-02 09:33:32,RELIANCE,1015.32,113
2023-01-02 09:33:33,RELIANCE,1016.08,971
2023-01-02 09:33:34,RELIANCE,1016.4,825
2023-01-02 09:33:35,RELIANCE,1016.49,401
2023-01-02 09:33:36,RELIANCE,1016.78,198
2023-01-02 09:33:37,RELIANCE,1017.39,987
2023-01-02 09:33:38,RELIANCE,1017.68,399
2023-01-02 09:33:39,RELIANCE,1018.25,75
2023-01-02 09:33:40,RELIANCE,1018.1,871
2023-01-02 09:33:41,RELIANCE,1019.04,505
2023-01-02 09:33:42,RELIANCE,1019.82,500
2023-01-02 09:33:43,RELIANCE,1019.11,973
2023-01-02 09:33:44,RELIANCE,1018.52,619
2023-01-02 09:33:45,RELIANCE,1018.59,877
2023-01-02 09:33:46,RELIANCE,1017.71,563
2023-01-02 09:33:47,RELIANCE,1018.23,349
2023-01-02 09:33:48,RELIANCE,1018.13,832
2023-01-02 09:33:49,RELIANCE,1018.39,74
2023-01-02 09:33:50,RELIANCE,1018.12,704
2023-01-02 09:33:51,RELIANCE,1017.56,260
2023-01-02 09:33:52,RELIANCE,1017.54,638
2023-01-02 09:33:53,RELIANCE,1017.52,641
2023-01-02 09:33:54,RELIANCE,1018.41,792
2023-01-02 09:33:55,RELIANCE,1018.86,182
2023-01-02 09:33:56,RELIANCE,1019.25,686
2023-01-02 09:33:57,RELIANCE,1018.75,543
2023-01-02 09:33:58,RELIANCE,1018.9,596
2023-01-02 09:33:59,RELIANCE,1019.08,926
2023-01-02 09:34:00,RELIANCE,1019.14,408
2023-01-02 09:34:01,RELIANCE,1019.09,220
2023-01-02 09:34:02,RELIANCE,1018.99,903
2023-01-02 09:34:03,RELIANCE,1019.16,632
2023-01-02 09:34:04,RELIANCE,1019.05,906
2023-01-02 09:34:05,RELIANCE,1019.51,618
2023-01-02 09:34:06,RELIANCE,1019.11,729
2023-01-02 09:34:07,RELIANCE,1018.85,596
2023-01-02 09:34:08,RELIANCE,1018.84,850
2023-01-02 09:34:09,RELIANCE,1017.63,519
2023-01-02 09:34:10,RELIANCE,1018.07,70
2023-01-02 09:34:11,RELIANCE,1018.19,655
2023-01-02 09:34:12,RELIANCE,1018.24,944
2023-01-02 09:34:13,RELIANCE,1017.45,313
2023-01-02 09:34:14,RELIANCE,1017.19,165
2023-01-02 09:34:15,RELIANCE,1016.63,984
2023-01-02 09:34:16,RELIANCE,1016.92,305
2023-01-02 09:34:17,RELIANCE,1017.15,384
2023-01-02 09:34:18,RELIANCE,1017.13,908
2023-01-02 09:34:19,RELIANCE,1016.73,178
2023-01-02 09:34:20,RELIANCE,1016.57,629
2023-01-02 09:34:21,RELIANCE,1016.2,327
2023-01-02 09:34:22,RELIANCE,1015.8,598
2023-01-02 09:34:23,RELIANCE,1016.31,573
2023-01-02 09:34:24,RELIANCE,1017.64,573
2023-01-02 09:34:25,RELIANCE,1017.85,681
2023-01-02 09:34:26,RELIANCE,1018.2,423
2023-01-02 09:34:27,RELIANCE,1018.39,966
2023-01-02 09:34:28,RELIANCE,1019.3,494
2023-01-02 09:34:29,RELIANCE,1018.76,853
2023-01-02 09:34:30,RELIANCE,1017.3,517
2023-01-02 09:34:31,RELIANCE,1017.08,880
2023-01-02 09:34:32,RELIANCE,1018.08,435
2023-01-02 09:34:33,RELIANCE,1018.39,344
2023-01-02 09:34:34,RELIANCE,1019.42,936
2023-01-02 09:34:35,RELIANCE,1019.27,611
2023-01-02 09:34:36,RELIANCE,1018.86,704
2023-01-02 09:34:37,RELIANCE,1018.85,32
2023-01-02 09:34:38,RELIANCE,1019.58,391
2023-01-02 09:34:39,RELIANCE,1019.65,68
2023-01-02 09:34:40,RELIANCE,1020.18,878
2023-01-02 09:34:41,RELIANCE,1020.36,628
2023-01-02 09:34:42,RELIANCE,1019.94,604
2023-01-02 09:34:43,RELIANCE,1020.73,881
2023-01-02 09:34:44,RELIANCE,1020.92,447
2023-01-02 09:34:45,RELIANCE,1020.48,899
2023-01-02 09:34:46,RELIANCE,1020.53,968
2023-01-02 09:34:47,RELIANCE,1020.15,227
2023-01-02 09:34:48,RELIANCE,1019.39,774
2023-01-02 09:34:49,RELIANCE,1018.99,379
2023-01-02 09:34:50,RELIANCE,1017.93,178
2023-01-02 09:34:51,RELIANCE,1017.86,779
2023-01-02 09:34:52,RELIANCE,1017.43,504
2023-01-02 09:34:53,RELIANCE,1018.06,485
2023-01-02 09:34:54,RELIANCE,1017.71,597
2023-01-02 09:34:55,RELIANCE,1018.23,911
2023-01-02 09:34:56,RELIANCE,1017.54,944
2023-01-02 09:34:57,RELIANCE,1017.57,828
2023-01-02 09:34:58,RELIANCE,1018.05,468
2023-01-02 09:34:59,RELIANCE,1017.43,848
2023-01-02 09:35:00,RELIANCE,1017.54,387
2023-01-02 09:35:01,RELIANCE,1017.93,875
2023-01-02 09:35:02,RELIANCE,1017.8,40
2023-01-02 09:35:03,RELIANCE,1019.07,520
2023-01-02 09:35:04,RELIANCE,1019.16,613
2023-01-02 09:35:05,RELIANCE,1019.55,613
2023-01-02 09:35:06,RELIANCE,1019.83,260
2023-01-02 09:35:07,RELIANCE,1019.4,129
2023-01-02 09:35:08,RELIANCE,1019.98,575
2023-01-02 09:35:09,RELIANCE,1019.45,670
2023-01-02 09:35:10,RELIANCE,1019.43,269
2023-01-02 09:35:11,RELIANCE,1019.62,131
2023-01-02 09:35:12,RELIANCE,1019.23,353
2023-01-02 09:35:13,RELIANCE,1018.97,227
2023-01-02 09:35:14,RELIANCE,1018.34,701
2023-01-02 09:35:15,RELIANCE,1017.71,486
2023-01-02 09:35:16,RELIANCE,1017.21,434
2023-01-02 09:35:17,RELIANCE,1017.35,377
2023-01-02 09:35:18,RELIANCE,1017.14,395
2023-01-02 09:35:19,RELIANCE,1017.28,457
2023-01-02 09:35:20,RELIANCE,1017.64,725
2023-01-02 09:35:21,RELIANCE,1018.01,588
2023-01-02 09:35:22,RELIANCE,1017.73,476
2023-01-02 09:35:23,RELIANCE,1016.92,156
2023-01-02 09:35:24,RELIANCE,1017.0,760
2023-01-02 09:35:25,RELIANCE,1017.12,675
2023-01-02 09:35:26,RELIANCE,1016.89,692
2023-01-02 09:35:27,RELIANCE,1017.01,338
2023-01-02 09:35:28,RELIANCE,1017.22,314
2023-01-02 09:35:29,RELIANCE,1016.65,896
2023-01-02 09:35:30,RELIANCE,1017.66,662
2023-01-02 09:35:31,RELIANCE,1018.06,862
2023-01-02 09:35:32,RELIANCE,1018.37,783
2023-01-02 09:35:33,RELIANCE,1018.12,483
2023-01-02 09:35:34,RELIANCE,1018.27,936
2023-01-02 09:35:35,RELIANCE,1018.51,1
2023-01-02 09:35:36,RELIANCE,1018.0,968
2023-01-02 09:35:37,RELIANCE,1018.44,815
2023-01-02 09:35:38,RELIANCE,1018.25,806
2023-01-02 09:35:39,RELIANCE,1017.95,313
2023-01-02 09:35:40,RELIANCE,1017.85,629
2023-01-02 09:35:41,RELIANCE,1018.58,996
2023-01-02 09:35:42,RELIANCE,1018.33,460
2023-01-02 09:35:43,RELIANCE,1018.67,764
2023-01-02 09:35:44,RELIANCE,1018.37,845
2023-01-02 09:35:45,RELIANCE,1018.51,646
2023-01-02 09:35:46,RELIANCE,1018.89,251
2023-01-02 09:35:47,RELIANCE,1018.1,142
2023-01-02 09:35:48,RELIANCE,1017.39,612
2023-01-02 09:35:49,RELIANCE,1016.91,659
2023-01-02 09:35:50,RELIANCE,1016.76,542
2023-01-02 09:35:51,RELIANCE,1016.71,881
2023-01-02 09:35:52,RELIANCE,1017.42,281
2023-01-02 09:35:53,RELIANCE,1017.22,614
2023-01-02 09:35:54,RELIANCE,1017.18,727
2023-01-02 09:35:55,RELIANCE,1017.38,622
2023-01-02 09:35:56,RELIANCE,1017.03,947
2023-01-02 09:35:57,RELIANCE,1017.3,284
2023-01-02 09:35:58,RELIANCE,1017.74,980
2023-01-02 09:35:59,RELIANCE,1017.76,73
2023-01-02 09:36:00,RELIANCE,1017.84,763
2023-01-02 09:36:01,RELIANCE,1018.12,787
2023-01-02 09:36:02,RELIANCE,1019.24,943
2023-01-02 09:36:03,RELIANCE,1018.5,437
2023-01-02 09:36:04,RELIANCE,1018.37,829
2023-01-02 09:36:05,RELIANCE,1018.31,265
2023-01-02 09:36:06,RELIANCE,1018.2,320
2023-01-02 09:36:07,RELIANCE,1017.35,654
2023-01-02 09:36:08,RELIANCE,1017.62,203
2023-01-02 09:36:09,RELIANCE,1017.95,68
2023-01-02 09:36:10,RELIANCE,1018.71,988
2023-01-02 09:36:11,RELIANCE,1018.92,622
2023-01-02 09:36:12,RELIANCE,1019.37,598
2023-01-02 09:36:13,RELIANCE,1019.32,881
2023-01-02 09:36:14,RELIANCE,1019.24,432
2023-01-02 09:36:15,RELIANCE,1019.28,576
2023-01-02 09:36:16,RELIANCE,1019.05,494
2023-01-02 09:36:17,RELIANCE,1019.08,325
2023-01-02 09:36:18,RELIANCE,1019.66,304
2023-01-02 09:36:19,RELIANCE,1019.83,929
2023-01-02 09:36:20,RELIANCE,1020.42,201
2023-01-02 09:36:21,RELIANCE,1020.55,977
2023-01-02 09:36:22,RELIANCE,1020.87,482
2023-01-02 09:36:23,RELIANCE,1020.97,301
2023-01-02 09:36:24,RELIANCE,1021.47,343
2023-01-02 09:36:25,RELIANCE,1020.56,588
2023-01-02 09:36:26,RELIANCE,1020.22,174
2023-01-02 09:36:27,RELIANCE,1020.47,26
2023-01-02 09:36:28,RELIANCE,1021.16,820
2023-01-02 09:36:29,RELIANCE,1022.21,819
2023-01-02 09:36:30,RELIANCE,1021.66,550
2023-01-02 09:36:31,RELIANCE,1022.48,132
2023-01-02 09:36:32,RELIANCE,1022.85,823
2023-01-02 09:36:33,RELIANCE,1022.36,406
2023-01-02 09:36:34,RELIANCE,1022.38,76
2023-01-02 09:36:35,RELIANCE,1023.46,194
2023-01-02 09:36:36,RELIANCE,1023.38,984
2023-01-02 09:36:37,RELIANCE,1024.12,769
2023-01-02 09:36:38,RELIANCE,1024.42,584
2023-01-02 09:36:39,RELIANCE,1024.11,665
2023-01-02 09:36:40,RELIANCE,1024.21,722
2023-01-02 09:36:41,RELIANCE,1023.99,730
2023-01-02 09:36:42,RELIANCE,1022.88,283
2023-01-02 09:36:43,RELIANCE,1022.67,449
2023-01-02 09:36:44,RELIANCE,1022.32,441
2023-01-02 09:36:45,RELIANCE,1022.21,424
2023-01-02 09:36:46,RELIANCE,1021.18,142
2023-01-02 09:36:47,RELIANCE,1020.43,824
2023-01-02 09:36:48,RELIANCE,1020.81,689
2023-01-02 09:36:49,RELIANCE,1020.7,302
2023-01-02 09:36:50,RELIANCE,1020.71,881
2023-01-02 09:36:51,RELIANCE,1020.55,341
2023-01-02 09:36:52,RELIANCE,1020.18,757
2023-01-02 09:36:53,RELIANCE,1020.42,363
2023-01-02 09:36:54,RELIANCE,1021.78,822
2023-01-02 09:36:55,RELIANCE,1021.7,549
2023-01-02 09:36:56,RELIANCE,1022.04,817
2023-01-02 09:36:57,RELIANCE,1021.59,819
2023-01-02 09:36:58,RELIANCE,1021.73,571
2023-01-02 09:36:59,RELIANCE,1022.27,397
2023-01-02 09:37:00,RELIANCE,1022.28,704
2023-01-02 09:37:01,RELIANCE,1022.08,1
2023-01-02 09:37:02,RELIANCE,1021.75,168
2023-01-02 09:37:03,RELIANCE,1020.85,456
2023-01-02 09:37:04,RELIANCE,1020.06,957
2023-01-02 09:37:05,RELIANCE,1020.44,240
2023-01-02 09:37:06,RELIANCE,1021.21,929
2023-01-02 09:37:07,RELIANCE,1020.97,431
2023-01-02 09:37:08,RELIANCE,1021.04,727
2023-01-02 09:37:09,RELIANCE,1021.45,673
2023-01-02 09:37:10,RELIANCE,1020.85,639
2023-01-02 09:37:11,RELIANCE,1020.51,751
2023-01-02 09:37:12,RELIANCE,1020.65,412
2023-01-02 09:37:13,RELIANCE,1021.11,332
2023-01-02 09:37:14,RELIANCE,1021.16,378
2023-01-02 09:37:15,RELIANCE,1021.73,770
2023-01-02 09:37:16,RELIANCE,1021.32,959
2023-01-02 09:37:17,RELIANCE,1021.99,819
2023-01-02 09:37:18,RELIANCE,1022.65,843
2023-01-02 09:37:19,RELIANCE,1022.68,563
2023-01-02 09:37:20,RELIANCE,1023.95,118
2023-01-02 09:37:21,RELIANCE,1024.18,629
2023-01-02 09:37:22,RELIANCE,1023.64,514
2023-01-02 09:37:23,RELIANCE,1024.28,350
2023-01-02 09:37:24,RELIANCE,1024.34,296
2023-01-02 09:37:25,RELIANCE,1024.62,268
2023-01-02 09:37:26,RELIANCE,1025.08,419
2023-01-02 09:37:27,RELIANCE,1024.66,975
2023-01-02 09:37:28,RELIANCE,1024.61,986
2023-01-02 09:37:29,RELIANCE,1024.52,408
2023-01-02 09:37:30,RELIANCE,1023.78,505
2023-01-02 09:37:31,RELIANCE,1023.7,107
2023-01-02 09:37:32,RELIANCE,1023.37,658
2023-01-02 09:37:33,RELIANCE,1023.0,73
2023-01-02 09:37:34,RELIANCE,1022.92,949
2023-01-02 09:37:35,RELIANCE,1023.05,364
2023-01-02 09:37:36,RELIANCE,1023.58,866
2023-01-02 09:37:37,RELIANCE,1023.11,172
2023-01-02 09:37:38,RELIANCE,1022.03,847
2023-01-02 09:37:39,RELIANCE,1021.85,75
2023-01-02 09:37:40,RELIANCE,1021.97,560
2023-01-02 09:37:41,RELIANCE,1021.93,920
2023-01-02 09:37:42,RELIANCE,1021.76,679
2023-01-02 09:37:43,RELIANCE,1021.13,7
2023-01-02 09:37:44,RELIANCE,1021.15,196
2023-01-02 09:37:45,RELIANCE,1021.07,202
2023-01-02 09:37:46,RELIANCE,1021.29,444
2023-01-02 09:37:47,RELIANCE,1021.92,395
2023-01-02 09:37:48,RELIANCE,1021.67,817
2023-01-02 09:37:49,RELIANCE,1022.28,440
2023-01-02 09:37:50,RELIANCE,1022.34,204
2023-01-02 09:37:51,RELIANCE,1021.87,625
2023-01-02 09:37:52,RELIANCE,1021.94,877
2023-01-02 09:37:53,RELIANCE,1021.96,557
2023-01-02 09:37:54,RELIANCE,1022.16,772
2023-01-02 09:37:55,RELIANCE,1022.11,363
2023-01-02 09:37:56,RELIANCE,1022.03,448
2023-01-02 09:37:57,RELIANCE,1021.15,262
2023-01-02 09:37:58,RELIANCE,1020.42,827
2023-01-02 09:37:59,RELIANCE,1020.4,938
2023-01-02 09:38:00,RELIANCE,1019.81,485
2023-01-02 09:38:01,RELIANCE,1019.6,124
2023-01-02 09:38:02,RELIANCE,1020.14,869
2023-01-02 09:38:03,RELIANCE,1018.83,786
2023-01-02 09:38:04,RELIANCE,1018.22,201
2023-01-02 09:38:05,RELIANCE,1018.16,109
2023-01-02 09:38:06,RELIANCE,1018.39,736
2023-01-02 09:38:07,RELIANCE,1018.65,165
2023-01-02 09:38:08,RELIANCE,1017.63,489
2023-01-02 09:38:09,RELIANCE,1018.5,854
2023-01-02 09:38:10,RELIANCE,1019.61,821
2023-01-02 09:38:11,RELIANCE,1019.5,554
2023-01-02 09:38:12,RELIANCE,1020.12,354
2023-01-02 09:38:13,RELIANCE,1019.72,497
2023-01-02 09:38:14,RELIANCE,1019.41,341
2023-01-02 09:38:15,RELIANCE,1018.78,300
2023-01-02 09:38:16,RELIANCE,1018.35,139
2023-01-02 09:38:17,RELIANCE,1017.36,604
2023-01-02 09:38:18,RELIANCE,1017.73,959
2023-01-02 09:38:19,RELIANCE,1017.65,111
2023-01-02 09:38:20,RELIANCE,1017.09,866
2023-01-02 09:38:21,RELIANCE,1015.83,273
2023-01-02 09:38:22,RELIANCE,1015.69,99
2023-01-02 09:38:23,RELIANCE,1015.83,761
2023-01-02 09:38:24,RELIANCE,1016.28,664
2023-01-02 09:38:25,RELIANCE,1015.67,853
2023-01-02 09:38:26,RELIANCE,1015.92,520
2023-01-02 09:38:27,RELIANCE,1015.9,164
2023-01-02 09:38:28,RELIANCE,1015.62,886
2023-01-02 09:38:29,RELIANCE,1015.74,685
2023-01-02 09:38:30,RELIANCE,1015.98,559
2023-01-02 09:38:31,RELIANCE,1015.8,977
2023-01-02 09:38:32,RELIANCE,1015.94,184
2023-01-02 09:38:33,RELIANCE,1016.25,524
2023-01-02 09:38:34,RELIANCE,1016.06,582
2023-01-02 09:38:35,RELIANCE,1016.0,304
2023-01-02 09:38:36,RELIANCE,1015.41,620
2023-01-02 09:38:37,RELIANCE,1015.98,695
2023-01-02 09:38:38,RELIANCE,1015.95,762
2023-01-02 09:38:39,RELIANCE,1017.58,958
2023-01-02 09:38:40,RELIANCE,1016.96,216
2023-01-02 09:38:41,RELIANCE,1018.0,704
2023-01-02 09:38:42,RELIANCE,1017.42,761
2023-01-02 09:38:43,RELIANCE,1018.1,949
2023-01-02 09:38:44,RELIANCE,1017.68,974
2023-01-02 09:38:45,RELIANCE,1016.58,687
2023-01-02 09:38:46,RELIANCE,1015.73,751
2023-01-02 09:38:47,RELIANCE,1016.01,48
2023-01-02 09:38:48,RELIANCE,1016.05,511
2023-01-02 09:38:49,RELIANCE,1016.63,864
2023-01-02 09:38:50,RELIANCE,1016.53,840
2023-01-02 09:38:51,RELIANCE,1016.83,494
2023-01-02 09:38:52,RELIANCE,1015.36,701
2023-01-02 09:38:53,RELIANCE,1016.34,683
2023-01-02 09:38:54,RELIANCE,1016.22,835
2023-01-02 09:38:55,RELIANCE,1015.83,126
2023-01-02 09:38:56,RELIANCE,1016.03,277
2023-01-02 09:38:57,RELIANCE,1016.61,664
2023-01-02 09:38:58,RELIANCE,1016.34,547
2023-01-02 09:38:59,RELIANCE,1016.82,327
2023-01-02 09:39:00,RELIANCE,1017.07,542
2023-01-02 09:39:01,RELIANCE,1017.33,549
2023-01-02 09:39:02,RELIANCE,1017.69,141
2023-01-02 09:39:03,RELIANCE,1018.09,128
2023-01-02 09:39:04,RELIANCE,1018.47,201
2023-01-02 09:39:05,RELIANCE,1018.76,194
2023-01-02 09:39:06,RELIANCE,1018.98,703
2023-01-02 09:39:07,RELIANCE,1018.97,942
2023-01-02 09:39:08,RELIANCE,1018.53,974
2023-01-02 09:39:09,RELIANCE,1017.71,358
2023-01-02 09:39:10,RELIANCE,1016.89,75
2023-01-02 09:39:11,RELIANCE,1016.5,188
2023-01-02 09:39:12,RELIANCE,1016.34,973
2023-01-02 09:39:13,RELIANCE,1016.36,528
2023-01-02 09:39:14,RELIANCE,1016.66,66
2023-01-02 09:39:15,RELIANCE,1016.66,746
2023-01-02 09:39:16,RELIANCE,1016.25,380
2023-01-02 09:39:17,RELIANCE,1016.16,450
2023-01-02 09:39:18,RELIANCE,1016.21,474
2023-01-02 09:39:19,RELIANCE,1015.4,508
2023-01-02 09:39:20,RELIANCE,1015.02,290
2023-01-02 09:39:21,RELIANCE,1015.46,974
2023-01-02 09:39:22,RELIANCE,1015.14,632
2023-01-02 09:39:23,RELIANCE,1015.56,733
2023-01-02 09:39:24,RELIANCE,1015.46,231
2023-01-02 09:39:25,RELIANCE,1014.69,233
2023-01-02 09:39:26,RELIANCE,1014.62,670
2023-01-02 09:39:27,RELIANCE,1014.65,53
2023-01-02 09:39:28,RELIANCE,1014.79,787
2023-01-02 09:39:29,RELIANCE,1014.36,337
2023-01-02 09:39:30,RELIANCE,1014.53,183
2023-01-02 09:39:31,RELIANCE,1013.02,10
2023-01-02 09:39:32,RELIANCE,1013.11,484
2023-01-02 09:39:33,RELIANCE,1012.79,160
2023-01-02 09:39:34,RELIANCE,1012.88,882
2023-01-02 09:39:35,RELIANCE,1013.29,53
2023-01-02 09:39:36,RELIANCE,1012.8,408
2023-01-02 09:39:37,RELIANCE,1013.06,260
2023-01-02 09:39:38,RELIANCE,1012.19,205
2023-01-02 09:39:39,RELIANCE,1012.31,12
2023-01-02 09:39:40,RELIANCE,1012.52,631
2023-01-02 09:39:41,RELIANCE,1012.8,873
2023-01-02 09:39:42,RELIANCE,1013.2,716
2023-01-02 09:39:43,RELIANCE,1012.77,241
2023-01-02 09:39:44,RELIANCE,1012.66,861
2023-01-02 09:39:45,RELIANCE,1012.5,818
2023-01-02 09:39:46,RELIANCE,1012.58,776
2023-01-02 09:39:47,RELIANCE,1012.15,651
2023-01-02 09:39:48,RELIANCE,1012.71,633
2023-01-02 09:39:49,RELIANCE,1012.04,923
2023-01-02 09:39:50,RELIANCE,1011.63,674
2023-01-02 09:39:51,RELIANCE,1012.14,911
2023-01-02 09:39:52,RELIANCE,1011.81,819
2023-01-02 09:39:53,RELIANCE,1012.23,624
2023-01-02 09:39:54,RELIANCE,1012.17,568
2023-01-02 09:39:55,RELIANCE,1012.13,929
2023-01-02 09:39:56,RELIANCE,1013.12,828
2023-01-02 09:39:57,RELIANCE,1013.84,906
2023-01-02 09:39:58,RELIANCE,1014.3,175
2023-01-02 09:39:59,RELIANCE,1014.56,13
2023-01-02 09:40:00,RELIANCE,1014.15,101
2023-01-02 09:40:01,RELIANCE,1014.2,606
2023-01-02 09:40:02,RELIANCE,1014.29,713
2023-01-02 09:40:03,RELIANCE,1014.4,652
2023-01-02 09:40:04,RELIANCE,1014.25,293
2023-01-02 09:40:05,RELIANCE,1014.18,304
2023-01-02 09:40:06,RELIANCE,1013.96,871
2023-01-02 09:40:07,RELIANCE,1012.54,303
2023-01-02 09:40:08,RELIANCE,1012.55,496
2023-01-02 09:40:09,RELIANCE,1012.28,236
2023-01-02 09:40:10,RELIANCE,1011.67,873
2023-01-02 09:40:11,RELIANCE,1012.28,31
2023-01-02 09:40:12,RELIANCE,1012.12,898
2023-01-02 09:40:13,RELIANCE,1012.43,459
2023-01-02 09:40:14,RELIANCE,1011.86,822
2023-01-02 09:40:15,RELIANCE,1011.73,621
2023-01-02 09:40:16,RELIANCE,1011.91,855
2023-01-02 09:40:17,RELIANCE,1011.13,728
2023-01-02 09:40:18,RELIANCE,1011.54,776
2023-01-02 09:40:19,RELIANCE,1012.18,28
2023-01-02 09:40:20,RELIANCE,1012.59,326
2023-01-02 09:40:21,RELIANCE,1011.99,488
2023-01-02 09:40:22,RELIANCE,1012.81,822
2023-01-02 09:40:23,RELIANCE,1012.91,252
2023-01-02 09:40:24,RELIANCE,1012.83,235
2023-01-02 09:40:25,RELIANCE,1012.56,118
2023-01-02 09:40:26,RELIANCE,1012.48,54
2023-01-02 09:40:27,RELIANCE,1011.61,53
2023-01-02 09:40:28,RELIANCE,1011.67,586
2023-01-02 09:40:29,RELIANCE,1011.55,921
2023-01-02 09:40:30,RELIANCE,1011.06,387
2023-01-02 09:40:31,RELIANCE,1011.45,182
2023-01-02 09:40:32,RELIANCE,1010.24,884
2023-01-02 09:40:33,RELIANCE,1010.23,740
2023-01-02 09:40:34,RELIANCE,1010.1,378
2023-01-02 09:40:35,RELIANCE,1011.11,852
2023-01-02 09:40:36,RELIANCE,1011.22,119
2023-01-02 09:40:37,RELIANCE,1011.57,104
2023-01-02 09:40:38,RELIANCE,1011.93,604
2023-01-02 09:40:39,RELIANCE,1011.81,134
2023-01-02 09:40:40,RELIANCE,1011.91,391
2023-01-02 09:40:41,RELIANCE,1011.96,756
2023-01-02 09:40:42,RELIANCE,1012.74,825
2023-01-02 09:40:43,RELIANCE,1013.23,647
2023-01-02 09:40:44,RELIANCE,1012.56,228
2023-01-02 09:40:45,RELIANCE,1012.64,729
2023-01-02 09:40:46,RELIANCE,1012.76,504
2023-01-02 09:40:47,RELIANCE,1011.63,644
2023-01-02 09:40:48,RELIANCE,1011.16,616
2023-01-02 09:40:49,RELIANCE,1011.11,79
2023-01-02 09:40:50,RELIANCE,1010.29,124
2023-01-02 09:40:51,RELIANCE,1009.94,602
2023-01-02 09:40:52,RELIANCE,1009.92,104
2023-01-02 09:40:53,RELIANCE,1009.93,143
2023-01-02 09:40:54,RELIANCE,1010.04,800
2023-01-02 09:40:55,RELIANCE,1009.94,571
2023-01-02 09:40:56,RELIANCE,1009.62,90
2023-01-02 09:40:57,RELIANCE,1009.43,26
2023-01-02 09:40:58,RELIANCE,1009.27,25
2023-01-02 09:40:59,RELIANCE,1009.47,267
2023-01-02 09:41:00,RELIANCE,1010.17,461
2023-01-02 09:41:01,RELIANCE,1010.42,863
2023-01-02 09:41:02,RELIANCE,1010.99,412
2023-01-02 09:41:03,RELIANCE,1011.55,687
2023-01-02 09:41:04,RELIANCE,1011.81,564
2023-01-02 09:41:05,RELIANCE,1012.43,569
2023-01-02 09:41:06,RELIANCE,1011.98,559
2023-01-02 09:41:07,RELIANCE,1012.07,794
2023-01-02 09:41:08,RELIANCE,1011.87,753
2023-01-02 09:41:09,RELIANCE,1011.87,361
2023-01-02 09:41:10,RELIANCE,1012.26,459
2023-01-02 09:41:11,RELIANCE,1012.21,422
2023-01-02 09:41:12,RELIANCE,1011.94,923
2023-01-02 09:41:13,RELIANCE,1011.59,122
2023-01-02 09:41:14,RELIANCE,1012.21,277
2023-01-02 09:41:15,RELIANCE,1012.27,574
2023-01-02 09:41:16,RELIANCE,1012.47,598
2023-01-02 09:41:17,RELIANCE,1012.61,302
2023-01-02 09:41:18,RELIANCE,1013.4,909
2023-01-02 09:41:19,RELIANCE,1014.54,518
2023-01-02 09:41:20,RELIANCE,1013.76,93
2023-01-02 09:41:21,RELIANCE,1014.24,620
2023-01-02 09:41:22,RELIANCE,1014.22,161
2023-01-02 09:41:23,RELIANCE,1013.03,492
2023-01-02 09:41:24,RELIANCE,1013.33,582
2023-01-02 09:41:25,RELIANCE,1013.47,252
2023-01-02 09:41:26,RELIANCE,1013.06,560
2023-01-02 09:41:27,RELIANCE,1013.34,446
2023-01-02 09:41:28,RELIANCE,1013.28,332
2023-01-02 09:41:29,RELIANCE,1013.07,19
2023-01-02 09:41:30,RELIANCE,1012.26,983
2023-01-02 09:41:31,RELIANCE,1012.35,154
2023-01-02 09:41:32,RELIANCE,1012.02,390
2023-01-02 09:41:33,RELIANCE,1012.3,571
2023-01-02 09:41:34,RELIANCE,1012.01,125
2023-01-02 09:41:35,RELIANCE,1012.22,247
2023-01-02 09:41:36,RELIANCE,1012.23,520
2023-01-02 09:41:37,RELIANCE,1012.19,352
2023-01-02 09:41:38,RELIANCE,1011.57,996
2023-01-02 09:41:39,RELIANCE,1011.93,39
2023-01-02 09:41:40,RELIANCE,1011.28,593
2023-01-02 09:41:41,RELIANCE,1011.4,854
2023-01-02 09:41:42,RELIANCE,1010.79,93
2023-01-02 09:41:43,RELIANCE,1010.64,74
2023-01-02 09:41:44,RELIANCE,1010.64,548
2023-01-02 09:41:45,RELIANCE,1010.95,938
2023-01-02 09:41:46,RELIANCE,1010.84,255
2023-01-02 09:41:47,RELIANCE,1010.22,764
2023-01-02 09:41:48,RELIANCE,1010.52,872
2023-01-02 09:41:49,RELIANCE,1010.75,603
2023-01-02 09:41:50,RELIANCE,1011.11,790
2023-01-02 09:41:51,RELIANCE,1010.89,451
2023-01-02 09:41:52,RELIANCE,1010.86,876
2023-01-02 09:41:53,RELIANCE,1010.46,265
2023-01-02 09:41:54,RELIANCE,1010.63,438
2023-01-02 09:41:55,RELIANCE,1011.0,499
2023-01-02 09:41:56,RELIANCE,1010.91,129
2023-01-02 09:41:57,RELIANCE,1010.24,629
2023-01-02 09:41:58,RELIANCE,1009.44,606
2023-01-02 09:41:59,RELIANCE,1008.51,274
2023-01-02 09:42:00,RELIANCE,1009.01,685
2023-01-02 09:42:01,RELIANCE,1009.21,91
2023-01-02 09:42:02,RELIANCE,1008.42,82
2023-01-02 09:42:03,RELIANCE,1007.82,58
2023-01-02 09:42:04,RELIANCE,1008.18,154
2023-01-02 09:42:05,RELIANCE,1007.42,105
2023-01-02 09:42:06,RELIANCE,1007.44,901
2023-01-02 09:42:07,RELIANCE,1007.23,733
2023-01-02 09:42:08,RELIANCE,1007.58,580
2023-01-02 09:42:09,RELIANCE,1006.81,947
2023-01-02 09:42:10,RELIANCE,1007.8,661
2023-01-02 09:42:11,RELIANCE,1008.61,403
2023-01-02 09:42:12,RELIANCE,1008.66,109
2023-01-02 09:42:13,RELIANCE,1009.05,327
2023-01-02 09:42:14,RELIANCE,1008.9,154
2023-01-02 09:42:15,RELIANCE,1008.81,132
2023-01-02 09:42:16,RELIANCE,1009.27,791
2023-01-02 09:42:17,RELIANCE,1009.09,628
2023-01-02 09:42:18,RELIANCE,1007.35,109
2023-01-02 09:42:19,RELIANCE,1006.73,147
2023-01-02 09:42:20,RELIANCE,1006.91,112
2023-01-02 09:42:21,RELIANCE,1006.72,505
2023-01-02 09:42:22,RELIANCE,1006.95,475
2023-01-02 09:42:23,RELIANCE,1005.64,280
2023-01-02 09:42:24,RELIANCE,1005.74,283
2023-01-02 09:42:25,RELIANCE,1005.5,994
2023-01-02 09:42:26,RELIANCE,1005.98,989
2023-01-02 09:42:27,RELIANCE,1006.32,835
2023-01-02 09:42:28,RELIANCE,1006.92,290
2023-01-02 09:42:29,RELIANCE,1006.97,248
2023-01-02 09:42:30,RELIANCE,1007.5,628
2023-01-02 09:42:31,RELIANCE,1007.25,254
2023-01-02 09:42:32,RELIANCE,1007.21,181
2023-01-02 09:42:33,RELIANCE,1007.55,357
2023-01-02 09:42:34,RELIANCE,1006.27,825
2023-01-02 09:42:35,RELIANCE,1005.73,515
2023-01-02 09:42:36,RELIANCE,1005.19,384
2023-01-02 09:42:37,RELIANCE,1005.8,965
2023-01-02 09:42:38,RELIANCE,1006.21,909
2023-01-02 09:42:39,RELIANCE,1005.34,702
2023-01-02 09:42:40,RELIANCE,1005.0,869
2023-01-02 09:42:41,RELIANCE,1005.44,206
2023-01-02 09:42:42,RELIANCE,1005.73,185
2023-01-02 09:42:43,RELIANCE,1006.12,886
2023-01-02 09:42:44,RELIANCE,1005.99,740
2023-01-02 09:42:45,RELIANCE,1006.72,753
2023-01-02 09:42:46,RELIANCE,1005.86,272
2023-01-02 09:42:47,RELIANCE,1005.9,202
2023-01-02 09:42:48,RELIANCE,1005.5,32
2023-01-02 09:42:49,RELIANCE,1005.74,521
2023-01-02 09:42:50,RELIANCE,1005.46,977
2023-01-02 09:42:51,RELIANCE,1005.78,436
2023-01-02 09:42:52,RELIANCE,1005.03,111
2023-01-02 09:42:53,RELIANCE,1005.52,102
2023-01-02 09:42:54,RELIANCE,1005.92,753
2023-01-02 09:42:55,RELIANCE,1006.91,804
2023-01-02 09:42:56,RELIANCE,1008.47,81
2023-01-02 09:42:57,RELIANCE,1009.01,891
2023-01-02 09:42:58,RELIANCE,1009.51,198
2023-01-02 09:42:59,RELIANCE,1009.62,167
2023-01-02 09:43:00,RELIANCE,1009.87,509
2023-01-02 09:43:01,RELIANCE,1009.66,763
2023-01-02 09:43:02,RELIANCE,1010.0,681
2023-01-02 09:43:03,RELIANCE,1009.72,262
2023-01-02 09:43:04,RELIANCE,1009.17,340
2023-01-02 09:43:05,RELIANCE,1009.7,175
2023-01-02 09:43:06,RELIANCE,1010.17,109
2023-01-02 09:43:07,RELIANCE,1010.17,963
2023-01-02 09:43:08,RELIANCE,1010.5,474
2023-01-02 09:43:09,RELIANCE,1010.73,128
2023-01-02 09:43:10,RELIANCE,1010.46,452
2023-01-02 09:43:11,RELIANCE,1010.31,884
2023-01-02 09:43:12,RELIANCE,1010.28,419
2023-01-02 09:43:13,RELIANCE,1010.25,900
2023-01-02 09:43:14,RELIANCE,1010.47,728
2023-01-02 09:43:15,RELIANCE,1010.92,889
2023-01-02 09:43:16,RELIANCE,1011.21,993
2023-01-02 09:43:17,RELIANCE,1012.12,390
2023-01-02 09:43:18,RELIANCE,1012.14,525
2023-01-02 09:43:19,RELIANCE,1012.23,95
2023-01-02 09:43:20,RELIANCE,1012.34,452
2023-01-02 09:43:21,RELIANCE,1011.6,22
2023-01-02 09:43:22,RELIANCE,1012.11,883
2023-01-02 09:43:23,RELIANCE,1011.72,206
2023-01-02 09:43:24,RELIANCE,1011.72,952
2023-01-02 09:43:25,RELIANCE,1011.73,500
2023-01-02 09:43:26,RELIANCE,1011.78,464
2023-01-02 09:43:27,RELIANCE,1011.59,12
2023-01-02 09:43:28,RELIANCE,1011.37,126
2023-01-02 09:43:29,RELIANCE,1010.76,140
2023-01-02 09:43:30,RELIANCE,1010.54,401
2023-01-02 09:43:31,RELIANCE,1010.49,924
2023-01-02 09:43:32,RELIANCE,1010.84,846
2023-01-02 09:43:33,RELIANCE,1010.12,33
2023-01-02 09:43:34,RELIANCE,1010.42,318
2023-01-02 09:43:35,RELIANCE,1010.3,726
2023-01-02 09:43:36,RELIANCE,1009.99,197
2023-01-02 09:43:37,RELIANCE,1010.07,84
2023-01-02 09:43:38,RELIANCE,1010.05,694
2023-01-02 09:43:39,RELIANCE,1009.77,215
2023-01-02 09:43:40,RELIANCE,1009.94,403
2023-01-02 09:43:41,RELIANCE,1010.18,404
2023-01-02 09:43:42,RELIANCE,1010.85,29
2023-01-02 09:43:43,RELIANCE,1011.06,361
2023-01-02 09:43:44,RELIANCE,1010.98,569
2023-01-02 09:43:45,RELIANCE,1010.96,202
2023-01-02 09:43:46,RELIANCE,1010.83,17
2023-01-02 09:43:47,RELIANCE,1010.89,412
2023-01-02 09:43:48,RELIANCE,1010.42,318
2023-01-02 09:43:49,RELIANCE,1009.75,468
2023-01-02 09:43:50,RELIANCE,1009.87,425
2023-01-02 09:43:51,RELIANCE,1009.92,583
2023-01-02 09:43:52,RELIANCE,1009.19,387
2023-01-02 09:43:53,RELIANCE,1009.15,208
2023-01-02 09:43:54,RELIANCE,1008.43,514
2023-01-02 09:43:55,RELIANCE,1008.9,22
2023-01-02 09:43:56,RELIANCE,1008.26,154
2023-01-02 09:43:57,RELIANCE,1007.9,669
2023-01-02 09:43:58,RELIANCE,1007.99,495
2023-01-02 09:43:59,RELIANCE,1007.94,950
2023-01-02 09:44:00,RELIANCE,1008.04,148
2023-01-02 09:44:01,RELIANCE,1008.87,367
2023-01-02 09:44:02,RELIANCE,1009.54,834
2023-01-02 09:44:03,RELIANCE,1010.14,560
2023-01-02 09:44:04,RELIANCE,1010.65,326
2023-01-02 09:44:05,RELIANCE,1010.09,508
2023-01-02 09:44:06,RELIANCE,1009.63,258
2023-01-02 09:44:07,RELIANCE,1009.52,790
2023-01-02 09:44:08,RELIANCE,1009.66,868
2023-01-02 09:44:09,RELIANCE,1010.18,284
2023-01-02 09:44:10,RELIANCE,1010.77,449
2023-01-02 09:44:11,RELIANCE,1010.79,817
2023-01-02 09:44:12,RELIANCE,1010.66,137
2023-01-02 09:44:13,RELIANCE,1010.95,420
2023-01-02 09:44:14,RELIANCE,1010.91,73
2023-01-02 09:44:15,RELIANCE,1010.72,800
2023-01-02 09:44:16,RELIANCE,1010.93,262
2023-01-02 09:44:17,RELIANCE,1010.92,419
2023-01-02 09:44:18,RELIANCE,1010.83,756
2023-01-02 09:44:19,RELIANCE,1010.99,924
2023-01-02 09:44:20,RELIANCE,1011.09,367
2023-01-02 09:44:21,RELIANCE,1010.87,73
2023-01-02 09:44:22,RELIANCE,1010.06,923
2023-01-02 09:44:23,RELIANCE,1010.07,785
2023-01-02 09:44:24,RELIANCE,1010.03,43
2023-01-02 09:44:25,RELIANCE,1009.38,212
2023-01-02 09:44:26,RELIANCE,1009.73,493
2023-01-02 09:44:27,RELIANCE,1009.91,47
2023-01-02 09:44:28,RELIANCE,1010.19,575
2023-01-02 09:44:29,RELIANCE,1009.7,830
2023-01-02 09:44:30,RELIANCE,1008.77,314
2023-01-02 09:44:31,RELIANCE,1009.56,606
2023-01-02 09:44:32,RELIANCE,1010.38,304
2023-01-02 09:44:33,RELIANCE,1010.77,639
2023-01-02 09:44:34,RELIANCE,1010.6,275
2023-01-02 09:44:35,RELIANCE,1009.68,504
2023-01-02 09:44:36,RELIANCE,1009.66,686
2023-01-02 09:44:37,RELIANCE,1009.82,888
2023-01-02 09:44:38,RELIANCE,1008.58,603
2023-01-02 09:44:39,RELIANCE,1008.2,490
2023-01-02 09:44:40,RELIANCE,1008.22,721
2023-01-02 09:44:41,RELIANCE,1008.29,857
2023-01-02 09:44:42,RELIANCE,1008.68,295
2023-01-02 09:44:43,RELIANCE,1008.28,694
2023-01-02 09:44:44,RELIANCE,1007.59,549
2023-01-02 09:44:45,RELIANCE,1008.15,853
2023-01-02 09:44:46,RELIANCE,1008.47,770
2023-01-02 09:44:47,RELIANCE,1007.8,188
2023-01-02 09:44:48,RELIANCE,1008.14,742
2023-01-02 09:44:49,RELIANCE,1007.34,252
2023-01-02 09:44:50,RELIANCE,1006.32,619
2023-01-02 09:44:51,RELIANCE,1006.04,139
2023-01-02 09:44:52,RELIANCE,1006.47,698
2023-01-02 09:44:53,RELIANCE,1006.13,822
2023-01-02 09:44:54,RELIANCE,1006.13,88
2023-01-02 09:44:55,RELIANCE,1005.88,754
2023-01-02 09:44:56,RELIANCE,1006.61,121
2023-01-02 09:44:57,RELIANCE,1006.26,925
2023-01-02 09:44:58,RELIANCE,1006.01,645
2023-01-02 09:44:59,RELIANCE,1006.44,303
2023-01-02 09:45:00,RELIANCE,1006.92,596
2023-01-02 09:45:01,RELIANCE,1007.6,129
2023-01-02 09:45:02,RELIANCE,1007.48,196
2023-01-02 09:45:03,RELIANCE,1007.42,746
2023-01-02 09:45:04,RELIANCE,1007.81,535
2023-01-02 09:45:05,RELIANCE,1008.24,890
2023-01-02 09:45:06,RELIANCE,1007.81,52
2023-01-02 09:45:07,RELIANCE,1007.87,814
2023-01-02 09:45:08,RELIANCE,1007.93,544
2023-01-02 09:45:09,RELIANCE,1008.21,622
2023-01-02 09:45:10,RELIANCE,1008.51,177
2023-01-02 09:45:11,RELIANCE,1008.87,97
2023-01-02 09:45:12,RELIANCE,1008.87,881
2023-01-02 09:45:13,RELIANCE,1008.76,109
2023-01-02 09:45:14,RELIANCE,1008.33,547
2023-01-02 09:45:15,RELIANCE,1008.48,261
2023-01-02 09:45:16,RELIANCE,1007.41,426
2023-01-02 09:45:17,RELIANCE,1007.24,976
2023-01-02 09:45:18,RELIANCE,1007.64,963
2023-01-02 09:45:19,RELIANCE,1007.54,457
2023-01-02 09:45:20,RELIANCE,1007.52,285
2023-01-02 09:45:21,RELIANCE,1006.36,672
2023-01-02 09:45:22,RELIANCE,1005.83,558
2023-01-02 09:45:23,RELIANCE,1005.71,45
2023-01-02 09:45:24,RELIANCE,1004.51,401
2023-01-02 09:45:25,RELIANCE,1004.82,485
2023-01-02 09:45:26,RELIANCE,1005.03,646
2023-01-02 09:45:27,RELIANCE,1004.69,758
2023-01-02 09:45:28,RELIANCE,1005.17,289
2023-01-02 09:45:29,RELIANCE,1004.67,416
2023-01-02 09:45:30,RELIANCE,1003.78,938
2023-01-02 09:45:31,RELIANCE,1004.34,674
2023-01-02 09:45:32,RELIANCE,1005.26,713
2023-01-02 09:45:33,RELIANCE,1004.92,679
2023-01-02 09:45:34,RELIANCE,1004.41,247
2023-01-02 09:45:35,RELIANCE,1004.01,118
2023-01-02 09:45:36,RELIANCE,1003.56,911
2023-01-02 09:45:37,RELIANCE,1003.78,363
2023-01-02 09:45:38,RELIANCE,1004.56,509
2023-01-02 09:45:39,RELIANCE,1005.31,481
2023-01-02 09:45:40,RELIANCE,1005.06,19
2023-01-02 09:45:41,RELIANCE,1004.63,449
2023-01-02 09:45:42,RELIANCE,1005.49,925
2023-01-02 09:45:43,RELIANCE,1004.18,758
2023-01-02 09:45:44,RELIANCE,1004.18,897
2023-01-02 09:45:45,RELIANCE,1004.45,205
2023-01-02 09:45:46,RELIANCE,1005.56,560
2023-01-02 09:45:47,RELIANCE,1005.1,925
2023-01-02 09:45:48,RELIANCE,1005.23,295
2023-01-02 09:45:49,RELIANCE,1005.44,71
2023-01-02 09:45:50,RELIANCE,1005.04,269
2023-01-02 09:45:51,RELIANCE,1005.47,7
2023-01-02 09:45:52,RELIANCE,1005.35,314
2023-01-02 09:45:53,RELIANCE,1004.01,753
2023-01-02 09:45:54,RELIANCE,1004.14,574
2023-01-02 09:45:55,RELIANCE,1005.45,629
2023-01-02 09:45:56,RELIANCE,1004.89,416
2023-01-02 09:45:57,RELIANCE,1005.21,822
2023-01-02 09:45:58,RELIANCE,1005.39,668
2023-01-02 09:45:59,RELIANCE,1005.92,93
2023-01-02 09:46:00,RELIANCE,1006.33,505
2023-01-02 09:46:01,RELIANCE,1006.19,364
2023-01-02 09:46:02,RELIANCE,1006.36,947
2023-01-02 09:46:03,RELIANCE,1006.49,413
2023-01-02 09:46:04,RELIANCE,1005.59,339
2023-01-02 09:46:05,RELIANCE,1005.41,783
2023-01-02 09:46:06,RELIANCE,1006.02,899
2023-01-02 09:46:07,RELIANCE,1006.0,57
2023-01-02 09:46:08,RELIANCE,1005.9,232
2023-01-02 09:46:09,RELIANCE,1005.23,872
2023-01-02 09:46:10,RELIANCE,1005.19,292
2023-01-02 09:46:11,RELIANCE,1005.26,49
2023-01-02 09:46:12,RELIANCE,1005.85,685
2023-01-02 09:46:13,RELIANCE,1006.25,335
2023-01-02 09:46:14,RELIANCE,1004.79,532
2023-01-02 09:46:15,RELIANCE,1004.25,694
2023-01-02 09:46:16,RELIANCE,1003.91,206
2023-01-02 09:46:17,RELIANCE,1003.59,574
2023-01-02 09:46:18,RELIANCE,1003.5,644
2023-01-02 09:46:19,RELIANCE,1004.38,122
2023-01-02 09:46:20,RELIANCE,1004.24,479
2023-01-02 09:46:21,RELIANCE,1004.57,561
2023-01-02 09:46:22,RELIANCE,1004.0,905
2023-01-02 09:46:23,RELIANCE,1004.13,409
2023-01-02 09:46:24,RELIANCE,1004.89,932
2023-01-02 09:46:25,RELIANCE,1005.12,869
2023-01-02 09:46:26,RELIANCE,1005.85,368
2023-01-02 09:46:27,RELIANCE,1006.22,314
2023-01-02 09:46:28,RELIANCE,1006.53,500
2023-01-02 09:46:29,RELIANCE,1006.74,704
2023-01-02 09:46:30,RELIANCE,1006.31,44
2023-01-02 09:46:31,RELIANCE,1005.95,265
2023-01-02 09:46:32,RELIANCE,1006.21,895
2023-01-02 09:46:33,RELIANCE,1006.36,401
2023-01-02 09:46:34,RELIANCE,1006.59,400
2023-01-02 09:46:35,RELIANCE,1006.86,576
2023-01-02 09:46:36,RELIANCE,1007.58,858
2023-01-02 09:46:37,RELIANCE,1007.68,470
2023-01-02 09:46:38,RELIANCE,1008.15,574
2023-01-02 09:46:39,RELIANCE,1008.1,269
2023-01-02 09:46:40,RELIANCE,1007.49,267
2023-01-02 09:46:41,RELIANCE,1007.07,59
2023-01-02 09:46:42,RELIANCE,1006.75,825
2023-01-02 09:46:43,RELIANCE,1006.37,606
2023-01-02 09:46:44,RELIANCE,1006.02,734
2023-01-02 09:46:45,RELIANCE,1006.03,207
2023-01-02 09:46:46,RELIANCE,1006.48,336
2023-01-02 09:46:47,RELIANCE,1006.59,396
2023-01-02 09:46:48,RELIANCE,1006.35,371
2023-01-02 09:46:49,RELIANCE,1006.61,736
2023-01-02 09:46:50,RELIANCE,1007.12,369
2023-01-02 09:46:51,RELIANCE,1007.59,239
2023-01-02 09:46:52,RELIANCE,1007.04,195
2023-01-02 09:46:53,RELIANCE,1007.12,129
2023-01-02 09:46:54,RELIANCE,1007.4,990
2023-01-02 09:46:55,RELIANCE,1006.99,378
2023-01-02 09:46:56,RELIANCE,1006.69,622
2023-01-02 09:46:57,RELIANCE,1006.92,790
2023-01-02 09:46:58,RELIANCE,1006.23,586
2023-01-02 09:46:59,RELIANCE,1006.76,388
2023-01-02 09:47:00,RELIANCE,1007.03,480
2023-01-02 09:47:01,RELIANCE,1006.68,340
2023-01-02 09:47:02,RELIANCE,1006.97,869
2023-01-02 09:47:03,RELIANCE,1006.65,392
2023-01-02 09:47:04,RELIANCE,1006.87,769
2023-01-02 09:47:05,RELIANCE,1006.02,893
2023-01-02 09:47:06,RELIANCE,1005.9,405
2023-01-02 09:47:07,RELIANCE,1006.39,688
2023-01-02 09:47:08,RELIANCE,1006.56,902
2023-01-02 09:47:09,RELIANCE,1005.88,504
2023-01-02 09:47:10,RELIANCE,1005.72,744
2023-01-02 09:47:11,RELIANCE,1005.5,77
2023-01-02 09:47:12,RELIANCE,1006.32,230
2023-01-02 09:47:13,RELIANCE,1006.44,993
2023-01-02 09:47:14,RELIANCE,1006.25,182
2023-01-02 09:47:15,RELIANCE,1007.47,400
2023-01-02 09:47:16,RELIANCE,1006.88,253
2023-01-02 09:47:17,RELIANCE,1006.97,459
2023-01-02 09:47:18,RELIANCE,1006.93,699
2023-01-02 09:47:19,RELIANCE,1006.79,926
2023-01-02 09:47:20,RELIANCE,1007.34,508
2023-01-02 09:47:21,RELIANCE,1006.74,166
2023-01-02 09:47:22,RELIANCE,1007.08,415
2023-01-02 09:47:23,RELIANCE,1007.39,992
2023-01-02 09:47:24,RELIANCE,1008.06,356
2023-01-02 09:47:25,RELIANCE,1008.59,208
2023-01-02 09:47:26,RELIANCE,1009.6,709
2023-01-02 09:47:27,RELIANCE,1009.73,537
2023-01-02 09:47:28,RELIANCE,1010.25,68
2023-01-02 09:47:29,RELIANCE,1011.13,939
2023-01-02 09:47:30,RELIANCE,1010.89,665
2023-01-02 09:47:31,RELIANCE,1011.14,920
2023-01-02 09:47:32,RELIANCE,1010.44,651
2023-01-02 09:47:33,RELIANCE,1010.33,709
2023-01-02 09:47:34,RELIANCE,1010.62,191
2023-01-02 09:47:35,RELIANCE,1010.93,921
2023-01-02 09:47:36,RELIANCE,1011.37,14
2023-01-02 09:47:37,RELIANCE,1011.34,914
2023-01-02 09:47:38,RELIANCE,1011.01,155
2023-01-02 09:47:39,RELIANCE,1010.48,471
2023-01-02 09:47:40,RELIANCE,1011.22,75
2023-01-02 09:47:41,RELIANCE,1011.22,425
2023-01-02 09:47:42,RELIANCE,1010.58,571
2023-01-02 09:47:43,RELIANCE,1011.09,458
2023-01-02 09:47:44,RELIANCE,1011.76,918
2023-01-02 09:47:45,RELIANCE,1011.96,260
2023-01-02 09:47:46,RELIANCE,1011.45,193
2023-01-02 09:47:47,RELIANCE,1011.73,726
2023-01-02 09:47:48,RELIANCE,1011.29,754
2023-01-02 09:47:49,RELIANCE,1011.77,654
2023-01-02 09:47:50,RELIANCE,1012.01,434
2023-01-02 09:47:51,RELIANCE,1012.78,780
2023-01-02 09:47:52,RELIANCE,1013.21,296
2023-01-02 09:47:53,RELIANCE,1012.72,94
2023-01-02 09:47:54,RELIANCE,1014.25,13
2023-01-02 09:47:55,RELIANCE,1014.37,742
2023-01-02 09:47:56,RELIANCE,1013.8,834
2023-01-02 09:47:57,RELIANCE,1013.87,968
2023-01-02 09:47:58,RELIANCE,1014.25,876
2023-01-02 09:47:59,RELIANCE,1014.02,8
2023-01-02 09:48:00,RELIANCE,1013.95,29
2023-01-02 09:48:01,RELIANCE,1013.54,640
2023-01-02 09:48:02,RELIANCE,1013.47,340
2023-01-02 09:48:03,RELIANCE,1012.9,45
2023-01-02 09:48:04,RELIANCE,1013.21,955
2023-01-02 09:48:05,RELIANCE,1013.13,181
2023-01-02 09:48:06,RELIANCE,1013.24,215
2023-01-02 09:48:07,RELIANCE,1013.68,931
2023-01-02 09:48:08,RELIANCE,1013.37,179
2023-01-02 09:48:09,RELIANCE,1013.51,264
2023-01-02 09:48:10,RELIANCE,1013.55,207
2023-01-02 09:48:11,RELIANCE,1013.29,631
2023-01-02 09:48:12,RELIANCE,1013.19,268
2023-01-02 09:48:13,RELIANCE,1013.37,350
2023-01-02 09:48:14,RELIANCE,1013.52,925
2023-01-02 09:48:15,RELIANCE,1013.42,946
2023-01-02 09:48:16,RELIANCE,1013.04,71
2023-01-02 09:48:17,RELIANCE,1012.71,276
2023-01-02 09:48:18,RELIANCE,1012.36,50
2023-01-02 09:48:19,RELIANCE,1012.12,564
2023-01-02 09:48:20,RELIANCE,1011.97,783
2023-01-02 09:48:21,RELIANCE,1011.12,360
2023-01-02 09:48:22,RELIANCE,1010.89,907
2023-01-02 09:48:23,RELIANCE,1010.29,862
2023-01-02 09:48:24,RELIANCE,1009.77,568
2023-01-02 09:48:25,RELIANCE,1009.58,49
2023-01-02 09:48:26,RELIANCE,1009.29,420
2023-01-02 09:48:27,RELIANCE,1009.06,101
2023-01-02 09:48:28,RELIANCE,1009.15,794
2023-01-02 09:48:29,RELIANCE,1008.96,960
2023-01-02 09:48:30,RELIANCE,1009.13,166
2023-01-02 09:48:31,RELIANCE,1009.11,375
2023-01-02 09:48:32,RELIANCE,1008.69,11
2023-01-02 09:48:33,RELIANCE,1009.36,453
2023-01-02 09:48:34,RELIANCE,1009.5,192
2023-01-02 09:48:35,RELIANCE,1009.6,238
2023-01-02 09:48:36,RELIANCE,1010.94,920
2023-01-02 09:48:37,RELIANCE,1010.23,446
2023-01-02 09:48:38,RELIANCE,1010.62,343
2023-01-02 09:48:39,RELIANCE,1010.58,991
2023-01-02 09:48:40,RELIANCE,1010.16,490
2023-01-02 09:48:41,RELIANCE,1009.57,909
2023-01-02 09:48:42,RELIANCE,1008.41,89
2023-01-02 09:48:43,RELIANCE,1009.33,936
2023-01-02 09:48:44,RELIANCE,1009.73,913
2023-01-02 09:48:45,RELIANCE,1009.53,831
2023-01-02 09:48:46,RELIANCE,1009.93,503
2023-01-02 09:48:47,RELIANCE,1009.79,731
2023-01-02 09:48:48,RELIANCE,1010.21,981
2023-01-02 09:48:49,RELIANCE,1011.06,447
2023-01-02 09:48:50,RELIANCE,1011.03,844
2023-01-02 09:48:51,RELIANCE,1011.65,327
2023-01-02 09:48:52,RELIANCE,1011.62,761
2023-01-02 09:48:53,RELIANCE,1011.48,439
2023-01-02 09:48:54,RELIANCE,1012.01,807
2023-01-02 09:48:55,RELIANCE,1012.79,830
2023-01-02 09:48:56,RELIANCE,1012.65,488
2023-01-02 09:48:57,RELIANCE,1012.78,188
2023-01-02 09:48:58,RELIANCE,1012.16,858
2023-01-02 09:48:59,RELIANCE,1012.02,551
2023-01-02 09:49:00,RELIANCE,1012.53,72
2023-01-02 09:49:01,RELIANCE,1013.26,486
2023-01-02 09:49:02,RELIANCE,1012.68,191
2023-01-02 09:49:03,RELIANCE,1012.03,734
2023-01-02 09:49:04,RELIANCE,1012.18,451
2023-01-02 09:49:05,RELIANCE,1011.88,738
2023-01-02 09:49:06,RELIANCE,1011.61,720
2023-01-02 09:49:07,RELIANCE,1011.8,712
2023-01-02 09:49:08,RELIANCE,1011.7,247
2023-01-02 09:49:09,RELIANCE,1011.15,206
2023-01-02 09:49:10,RELIANCE,1011.26,544
2023-01-02 09:49:11,RELIANCE,1010.99,699
2023-01-02 09:49:12,RELIANCE,1011.59,76
2023-01-02 09:49:13,RELIANCE,1012.18,255
2023-01-02 09:49:14,RELIANCE,1012.28,837
2023-01-02 09:49:15,RELIANCE,1012.54,937
2023-01-02 09:49:16,RELIANCE,1012.05,287
2023-01-02 09:49:17,RELIANCE,1012.25,487
2023-01-02 09:49:18,RELIANCE,1012.1,383
2023-01-02 09:49:19,RELIANCE,1012.25,276
2023-01-02 09:49:20,RELIANCE,1012.43,500
2023-01-02 09:49:21,RELIANCE,1012.12,481
2023-01-02 09:49:22,RELIANCE,1012.35,897
2023-01-02 09:49:23,RELIANCE,1011.99,58
2023-01-02 09:49:24,RELIANCE,1011.86,328
2023-01-02 09:49:25,RELIANCE,1011.39,474
2023-01-02 09:49:26,RELIANCE,1011.05,111
2023-01-02 09:49:27,RELIANCE,1011.02,497
2023-01-02 09:49:28,RELIANCE,1011.47,156
2023-01-02 09:49:29,RELIANCE,1011.16,2
2023-01-02 09:49:30,RELIANCE,1011.39,758
2023-01-02 09:49:31,RELIANCE,1012.36,871
2023-01-02 09:49:32,RELIANCE,1011.66,13
2023-01-02 09:49:33,RELIANCE,1011.4,94
2023-01-02 09:49:34,RELIANCE,1012.09,338
2023-01-02 09:49:35,RELIANCE,1011.79,936
2023-01-02 09:49:36,RELIANCE,1011.24,467
2023-01-02 09:49:37,RELIANCE,1011.62,714
2023-01-02 09:49:38,RELIANCE,1011.73,364
2023-01-02 09:49:39,RELIANCE,1011.4,692
2023-01-02 09:49:40,RELIANCE,1011.4,926
2023-01-02 09:49:41,RELIANCE,1010.36,694
2023-01-02 09:49:42,RELIANCE,1011.22,367
2023-01-02 09:49:43,RELIANCE,1010.45,783
2023-01-02 09:49:44,RELIANCE,1010.3,140
2023-01-02 09:49:45,RELIANCE,1010.01,953
2023-01-02 09:49:46,RELIANCE,1010.18,904
2023-01-02 09:49:47,RELIANCE,1009.77,321
2023-01-02 09:49:48,RELIANCE,1009.5,107
2023-01-02 09:49:49,RELIANCE,1009.27,139
2023-01-02 09:49:50,RELIANCE,1009.9,615
2023-01-02 09:49:51,RELIANCE,1010.06,416
2023-01-02 09:49:52,RELIANCE,1009.84,506
2023-01-02 09:49:53,RELIANCE,1010.18,407
2023-01-02 09:49:54,RELIANCE,1011.11,568
2023-01-02 09:49:55,RELIANCE,1010.79,933
2023-01-02 09:49:56,RELIANCE,1010.7,493
2023-01-02 09:49:57,RELIANCE,1010.75,233
2023-01-02 09:49:58,RELIANCE,1011.4,945
2023-01-02 09:49:59,RELIANCE,1011.05,817
2023-01-02 09:50:00,RELIANCE,1010.45,149
2023-01-02 09:50:01,RELIANCE,1010.49,851
2023-01-02 09:50:02,RELIANCE,1010.62,871
2023-01-02 09:50:03,RELIANCE,1010.97,147
2023-01-02 09:50:04,RELIANCE,1010.23,184
2023-01-02 09:50:05,RELIANCE,1010.67,119
2023-01-02 09:50:06,RELIANCE,1010.44,293
2023-01-02 09:50:07,RELIANCE,1010.61,218
2023-01-02 09:50:08,RELIANCE,1010.87,177
2023-01-02 09:50:09,RELIANCE,1011.31,494
2023-01-02 09:50:10,RELIANCE,1012.05,83
2023-01-02 09:50:11,RELIANCE,1011.5,872
2023-01-02 09:50:12,RELIANCE,1010.86,696
2023-01-02 09:50:13,RELIANCE,1010.04,210
2023-01-02 09:50:14,RELIANCE,1009.85,816
2023-01-02 09:50:15,RELIANCE,1009.61,900
2023-01-02 09:50:16,RELIANCE,1009.04,934
2023-01-02 09:50:17,RELIANCE,1009.2,472
2023-01-02 09:50:18,RELIANCE,1008.62,375
2023-01-02 09:50:19,RELIANCE,1008.6,802
2023-01-02 09:50:20,RELIANCE,1008.84,579
2023-01-02 09:50:21,RELIANCE,1008.75,73
2023-01-02 09:50:22,RELIANCE,1007.93,282
2023-01-02 09:50:23,RELIANCE,1007.27,211
2023-01-02 09:50:24,RELIANCE,1007.7,835
2023-01-02 09:50:25,RELIANCE,1007.38,283
2023-01-02 09:50:26,RELIANCE,1007.2,464
2023-01-02 09:50:27,RELIANCE,1007.11,105
2023-01-02 09:50:28,RELIANCE,1007.84,693
2023-01-02 09:50:29,RELIANCE,1008.26,983
2023-01-02 09:50:30,RELIANCE,1007.78,351
2023-01-02 09:50:31,RELIANCE,1008.42,132
2023-01-02 09:50:32,RELIANCE,1008.06,87
2023-01-02 09:50:33,RELIANCE,1007.75,246
2023-01-02 09:50:34,RELIANCE,1007.59,601
2023-01-02 09:50:35,RELIANCE,1007.66,149
2023-01-02 09:50:36,RELIANCE,1007.7,985
2023-01-02 09:50:37,RELIANCE,1007.81,469
2023-01-02 09:50:38,RELIANCE,1007.94,446
2023-01-02 09:50:39,RELIANCE,1007.42,765
2023-01-02 09:50:40,RELIANCE,1007.41,143
2023-01-02 09:50:41,RELIANCE,1007.79,984
2023-01-02 09:50:42,RELIANCE,1008.48,889
2023-01-02 09:50:43,RELIANCE,1007.68,875
2023-01-02 09:50:44,RELIANCE,1007.07,112
2023-01-02 09:50:45,RELIANCE,1006.61,739
2023-01-02 09:50:46,RELIANCE,1006.71,726
2023-01-02 09:50:47,RELIANCE,1007.66,552
2023-01-02 09:50:48,RELIANCE,1007.77,242
2023-01-02 09:50:49,RELIANCE,1008.1,712
2023-01-02 09:50:50,RELIANCE,1008.14,503
2023-01-02 09:50:51,RELIANCE,1008.55,890
2023-01-02 09:50:52,RELIANCE,1008.19,237
2023-01-02 09:50:53,RELIANCE,1008.09,443
2023-01-02 09:50:54,RELIANCE,1007.77,237
2023-01-02 09:50:55,RELIANCE,1007.06,571
2023-01-02 09:50:56,RELIANCE,1007.28,752
2023-01-02 09:50:57,RELIANCE,1007.63,819
2023-01-02 09:50:58,RELIANCE,1008.12,30
2023-01-02 09:50:59,RELIANCE,1007.94,935
2023-01-02 09:51:00,RELIANCE,1008.18,602
2023-01-02 09:51:01,RELIANCE,1008.52,960
2023-01-02 09:51:02,RELIANCE,1008.91,445
2023-01-02 09:51:03,RELIANCE,1008.68,606
2023-01-02 09:51:04,RELIANCE,1007.92,457
2023-01-02 09:51:05,RELIANCE,1007.63,543
2023-01-02 09:51:06,RELIANCE,1007.42,564
2023-01-02 09:51:07,RELIANCE,1007.43,278
2023-01-02 09:51:08,RELIANCE,1007.2,552
2023-01-02 09:51:09,RELIANCE,1007.21,761
2023-01-02 09:51:10,RELIANCE,1007.31,191
2023-01-02 09:51:11,RELIANCE,1007.64,335
2023-01-02 09:51:12,RELIANCE,1007.79,209
2023-01-02 09:51:13,RELIANCE,1007.54,785
2023-01-02 09:51:14,RELIANCE,1007.75,529
2023-01-02 09:51:15,RELIANCE,1007.16,166
2023-01-02 09:51:16,RELIANCE,1007.26,849
2023-01-02 09:51:17,RELIANCE,1007.61,163
2023-01-02 09:51:18,RELIANCE,1007.49,366
2023-01-02 09:51:19,RELIANCE,1007.34,655
2023-01-02 09:51:20,RELIANCE,1007.21,822
2023-01-02 09:51:21,RELIANCE,1007.58,415
2023-01-02 09:51:22,RELIANCE,1007.93,245
2023-01-02 09:51:23,RELIANCE,1007.66,407
2023-01-02 09:51:24,RELIANCE,1007.78,217
2023-01-02 09:51:25,RELIANCE,1008.1,986
2023-01-02 09:51:26,RELIANCE,1008.17,532
2023-01-02 09:51:27,RELIANCE,1008.55,754
2023-01-02 09:51:28,RELIANCE,1007.93,146
2023-01-02 09:51:29,RELIANCE,1008.2,462
2023-01-02 09:51:30,RELIANCE,1008.1,13
2023-01-02 09:51:31,RELIANCE,1007.74,399
2023-01-02 09:51:32,RELIANCE,1007.36,19
2023-01-02 09:51:33,RELIANCE,1007.87,916
2023-01-02 09:51:34,RELIANCE,1008.54,612
2023-01-02 09:51:35,RELIANCE,1008.75,44
2023-01-02 09:51:36,RELIANCE,1008.83,872
2023-01-02 09:51:37,RELIANCE,1008.51,327
2023-01-02 09:51:38,RELIANCE,1007.59,363
2023-01-02 09:51:39,RELIANCE,1007.55,164
2023-01-02 09:51:40,RELIANCE,1007.82,141
2023-01-02 09:51:41,RELIANCE,1008.99,933
2023-01-02 09:51:42,RELIANCE,1009.96,880
2023-01-02 09:51:43,RELIANCE,1009.61,808
2023-01-02 09:51:44,RELIANCE,1009.14,187
2023-01-02 09:51:45,RELIANCE,1008.92,864
2023-01-02 09:51:46,RELIANCE,1008.65,237
2023-01-02 09:51:47,RELIANCE,1008.38,136
2023-01-02 09:51:48,RELIANCE,1008.52,792
2023-01-02 09:51:49,RELIANCE,1008.97,583
2023-01-02 09:51:50,RELIANCE,1008.72,504
2023-01-02 09:51:51,RELIANCE,1007.59,125
2023-01-02 09:51:52,RELIANCE,1007.26,313
2023-01-02 09:51:53,RELIANCE,1007.01,230
2023-01-02 09:51:54,RELIANCE,1006.88,658
2023-01-02 09:51:55,RELIANCE,1006.29,382
2023-01-02 09:51:56,RELIANCE,1005.24,173
2023-01-02 09:51:57,RELIANCE,1005.36,6
2023-01-02 09:51:58,RELIANCE,1005.18,288
2023-01-02 09:51:59,RELIANCE,1004.39,890
2023-01-02 09:52:00,RELIANCE,1004.19,608
2023-01-02 09:52:01,RELIANCE,1004.44,6
2023-01-02 09:52:02,RELIANCE,1004.3,624
2023-01-02 09:52:03,RELIANCE,1004.37,106
2023-01-02 09:52:04,RELIANCE,1004.87,651
2023-01-02 09:52:05,RELIANCE,1005.37,959
2023-01-02 09:52:06,RELIANCE,1005.91,452
2023-01-02 09:52:07,RELIANCE,1005.55,416
2023-01-02 09:52:08,RELIANCE,1005.22,726
2023-01-02 09:52:09,RELIANCE,1005.1,193
2023-01-02 09:52:10,RELIANCE,1005.74,980
2023-01-02 09:52:11,RELIANCE,1006.49,973
2023-01-02 09:52:12,RELIANCE,1005.75,763
2023-01-02 09:52:13,RELIANCE,1005.66,530
2023-01-02 09:52:14,RELIANCE,1004.98,113
2023-01-02 09:52:15,RELIANCE,1004.5,714
2023-01-02 09:52:16,RELIANCE,1004.19,83
2023-01-02 09:52:17,RELIANCE,1004.09,884
2023-01-02 09:52:18,RELIANCE,1004.56,256
2023-01-02 09:52:19,RELIANCE,1004.66,495
2023-01-02 09:52:20,RELIANCE,1004.13,25
2023-01-02 09:52:21,RELIANCE,1004.46,494
2023-01-02 09:52:22,RELIANCE,1004.89,314
2023-01-02 09:52:23,RELIANCE,1005.43,25
2023-01-02 09:52:24,RELIANCE,1005.15,334
2023-01-02 09:52:25,RELIANCE,1004.92,778
2023-01-02 09:52:26,RELIANCE,1004.44,99
2023-01-02 09:52:27,RELIANCE,1004.76,214
2023-01-02 09:52:28,RELIANCE,1004.5,685
2023-01-02 09:52:29,RELIANCE,1003.97,894
2023-01-02 09:52:30,RELIANCE,1003.52,576
2023-01-02 09:52:31,RELIANCE,1003.44,483
2023-01-02 09:52:32,RELIANCE,1003.43,187
2023-01-02 09:52:33,RELIANCE,1003.33,364
2023-01-02 09:52:34,RELIANCE,1003.35,491
2023-01-02 09:52:35,RELIANCE,1003.31,76
2023-01-02 09:52:36,RELIANCE,1003.29,700
2023-01-02 09:52:37,RELIANCE,1003.46,642
2023-01-02 09:52:38,RELIANCE,1003.42,474
2023-01-02 09:52:39,RELIANCE,1003.9,72
2023-01-02 09:52:40,RELIANCE,1003.39,263
2023-01-02 09:52:41,RELIANCE,1003.41,575
2023-01-02 09:52:42,RELIANCE,1002.85,892
2023-01-02 09:52:43,RELIANCE,1003.46,17
2023-01-02 09:52:44,RELIANCE,1003.32,63
2023-01-02 09:52:45,RELIANCE,1002.97,981
2023-01-02 09:52:46,RELIANCE,1002.61,520
2023-01-02 09:52:47,RELIANCE,1001.62,76
2023-01-02 09:52:48,RELIANCE,1001.32,613
2023-01-02 09:52:49,RELIANCE,999.86,195
2023-01-02 09:52:50,RELIANCE,999.68,911
2023-01-02 09:52:51,RELIANCE,1000.01,787
2023-01-02 09:52:52,RELIANCE,998.83,461
2023-01-02 09:52:53,RELIANCE,999.49,27
2023-01-02 09:52:54,RELIANCE,999.65,311
2023-01-02 09:52:55,RELIANCE,999.56,838
2023-01-02 09:52:56,RELIANCE,999.48,831
2023-01-02 09:52:57,RELIANCE,998.9,784
2023-01-02 09:52:58,RELIANCE,998.02,146
2023-01-02 09:52:59,RELIANCE,998.81,653
2023-01-02 09:53:00,RELIANCE,998.38,427
2023-01-02 09:53:01,RELIANCE,997.72,534
2023-01-02 09:53:02,RELIANCE,998.11,692
2023-01-02 09:53:03,RELIANCE,997.95,743
2023-01-02 09:53:04,RELIANCE,998.26,915
2023-01-02 09:53:05,RELIANCE,998.69,335
2023-01-02 09:53:06,RELIANCE,998.86,441
2023-01-02 09:53:07,RELIANCE,998.93,50
2023-01-02 09:53:08,RELIANCE,998.37,850
2023-01-02 09:53:09,RELIANCE,998.43,587
2023-01-02 09:53:10,RELIANCE,998.24,677
2023-01-02 09:53:11,RELIANCE,998.37,580
2023-01-02 09:53:12,RELIANCE,996.89,147
2023-01-02 09:53:13,RELIANCE,996.66,163
2023-01-02 09:53:14,RELIANCE,996.14,441
2023-01-02 09:53:15,RELIANCE,997.27,607
2023-01-02 09:53:16,RELIANCE,997.33,181
2023-01-02 09:53:17,RELIANCE,997.15,138
2023-01-02 09:53:18,RELIANCE,997.9,130
2023-01-02 09:53:19,RELIANCE,998.67,864
2023-01-02 09:53:20,RELIANCE,999.22,144
2023-01-02 09:53:21,RELIANCE,999.16,927
2023-01-02 09:53:22,RELIANCE,999.18,107
2023-01-02 09:53:23,RELIANCE,998.85,341
2023-01-02 09:53:24,RELIANCE,998.65,4
2023-01-02 09:53:25,RELIANCE,998.93,908
2023-01-02 09:53:26,RELIANCE,1000.14,607
2023-01-02 09:53:27,RELIANCE,999.71,992
2023-01-02 09:53:28,RELIANCE,998.09,321
2023-01-02 09:53:29,RELIANCE,998.68,711
2023-01-02 09:53:30,RELIANCE,999.0,386
2023-01-02 09:53:31,RELIANCE,999.14,531
2023-01-02 09:53:32,RELIANCE,1000.39,410
2023-01-02 09:53:33,RELIANCE,1000.13,331
2023-01-02 09:53:34,RELIANCE,999.99,493
2023-01-02 09:53:35,RELIANCE,1000.34,737
2023-01-02 09:53:36,RELIANCE,1000.31,845
2023-01-02 09:53:37,RELIANCE,1000.93,303
2023-01-02 09:53:38,RELIANCE,1001.58,421
2023-01-02 09:53:39,RELIANCE,1001.0,185
2023-01-02 09:53:40,RELIANCE,1001.3,468
2023-01-02 09:53:41,RELIANCE,1000.98,336
2023-01-02 09:53:42,RELIANCE,1001.15,162
2023-01-02 09:53:43,RELIANCE,1001.33,12
2023-01-02 09:53:44,RELIANCE,1000.71,424
2023-01-02 09:53:45,RELIANCE,1001.31,688
2023-01-02 09:53:46,RELIANCE,1001.55,788
2023-01-02 09:53:47,RELIANCE,1002.32,435
2023-01-02 09:53:48,RELIANCE,1002.27,636
2023-01-02 09:53:49,RELIANCE,1002.24,386
2023-01-02 09:53:50,RELIANCE,1003.13,671
2023-01-02 09:53:51,RELIANCE,1002.92,527
2023-01-02 09:53:52,RELIANCE,1003.55,524
2023-01-02 09:53:53,RELIANCE,1002.97,871
2023-01-02 09:53:54,RELIANCE,1003.13,280
2023-01-02 09:53:55,RELIANCE,1003.49,869
2023-01-02 09:53:56,RELIANCE,1002.43,658
2023-01-02 09:53:57,RELIANCE,1002.57,314
2023-01-02 09:53:58,RELIANCE,1002.4,332
2023-01-02 09:53:59,RELIANCE,1002.47,685
2023-01-02 09:54:00,RELIANCE,1002.4,420
2023-01-02 09:54:01,RELIANCE,1002.84,957
2023-01-02 09:54:02,RELIANCE,1003.19,356
2023-01-02 09:54:03,RELIANCE,1002.4,941
2023-01-02 09:54:04,RELIANCE,1002.83,164
2023-01-02 09:54:05,RELIANCE,1003.49,663
2023-01-02 09:54:06,RELIANCE,1004.41,480
2023-01-02 09:54:07,RELIANCE,1004.29,965
2023-01-02 09:54:08,RELIANCE,1004.36,452
2023-01-02 09:54:09,RELIANCE,1003.96,743
2023-01-02 09:54:10,RELIANCE,1003.77,991
2023-01-02 09:54:11,RELIANCE,1003.81,337
2023-01-02 09:54:12,RELIANCE,1003.71,599
2023-01-02 09:54:13,RELIANCE,1002.72,800
2023-01-02 09:54:14,RELIANCE,1003.08,527
2023-01-02 09:54:15,RELIANCE,1003.19,109
2023-01-02 09:54:16,RELIANCE,1003.52,795
2023-01-02 09:54:17,RELIANCE,1004.28,891
2023-01-02 09:54:18,RELIANCE,1003.96,206
2023-01-02 09:54:19,RELIANCE,1003.5,83
2023-01-02 09:54:20,RELIANCE,1004.17,110
2023-01-02 09:54:21,RELIANCE,1004.19,936
2023-01-02 09:54:22,RELIANCE,1004.04,909
2023-01-02 09:54:23,RELIANCE,1004.08,201
2023-01-02 09:54:24,RELIANCE,1004.35,797
2023-01-02 09:54:25,RELIANCE,1004.4,790
2023-01-02 09:54:26,RELIANCE,1003.98,962
2023-01-02 09:54:27,RELIANCE,1003.2,601
2023-01-02 09:54:28,RELIANCE,1003.95,72
2023-01-02 09:54:29,RELIANCE,1003.81,855
2023-01-02 09:54:30,RELIANCE,1003.5,608
2023-01-02 09:54:31,RELIANCE,1004.21,730
2023-01-02 09:54:32,RELIANCE,1002.97,528
2023-01-02 09:54:33,RELIANCE,1002.69,111
2023-01-02 09:54:34,RELIANCE,1003.19,129
2023-01-02 09:54:35,RELIANCE,1004.03,326
2023-01-02 09:54:36,RELIANCE,1003.56,8
2023-01-02 09:54:37,RELIANCE,1003.16,131
2023-01-02 09:54:38,RELIANCE,1002.96,188
2023-01-02 09:54:39,RELIANCE,1003.07,204
2023-01-02 09:54:40,RELIANCE,1002.56,212
2023-01-02 09:54:41,RELIANCE,1003.08,772
2023-01-02 09:54:42,RELIANCE,1003.49,243
2023-01-02 09:54:43,RELIANCE,1004.37,685
2023-01-02 09:54:44,RELIANCE,1004.37,171
2023-01-02 09:54:45,RELIANCE,1004.14,949
2023-01-02 09:54:46,RELIANCE,1003.27,877
2023-01-02 09:54:47,RELIANCE,1003.09,200
2023-01-02 09:54:48,RELIANCE,1003.3,810
2023-01-02 09:54:49,RELIANCE,1002.39,919
2023-01-02 09:54:50,RELIANCE,1002.49,299
2023-01-02 09:54:51,RELIANCE,1002.95,440
2023-01-02 09:54:52,RELIANCE,1002.57,211
2023-01-02 09:54:53,RELIANCE,1002.2,779
2023-01-02 09:54:54,RELIANCE,1002.18,666
2023-01-02 09:54:55,RELIANCE,1002.37,610
2023-01-02 09:54:56,RELIANCE,1002.28,427
2023-01-02 09:54:57,RELIANCE,1001.94,884
2023-01-02 09:54:58,RELIANCE,1001.18,742
2023-01-02 09:54:59,RELIANCE,1000.69,867
2023-01-02 09:55:00,RELIANCE,1000.91,232
2023-01-02 09:55:01,RELIANCE,1000.36,943
2023-01-02 09:55:02,RELIANCE,1000.42,376
2023-01-02 09:55:03,RELIANCE,1000.07,563
2023-01-02 09:55:04,RELIANCE,1000.66,629
2023-01-02 09:55:05,RELIANCE,1001.52,720
2023-01-02 09:55:06,RELIANCE,1001.63,889
2023-01-02 09:55:07,RELIANCE,1001.94,7
2023-01-02 09:55:08,RELIANCE,1002.04,366
2023-01-02 09:55:09,RELIANCE,1001.55,215
2023-01-02 09:55:10,RELIANCE,1000.82,429
2023-01-02 09:55:11,RELIANCE,1000.93,367
2023-01-02 09:55:12,RELIANCE,1000.44,313
2023-01-02 09:55:13,RELIANCE,1000.14,467
2023-01-02 09:55:14,RELIANCE,1000.06,865
2023-01-02 09:55:15,RELIANCE,999.44,798
2023-01-02 09:55:16,RELIANCE,999.45,348
2023-01-02 09:55:17,RELIANCE,998.87,79
2023-01-02 09:55:18,RELIANCE,998.03,622
2023-01-02 09:55:19,RELIANCE,997.92,618
2023-01-02 09:55:20,RELIANCE,998.4,507
2023-01-02 09:55:21,RELIANCE,998.05,244
2023-01-02 09:55:22,RELIANCE,999.02,506
2023-01-02 09:55:23,RELIANCE,999.11,722
2023-01-02 09:55:24,RELIANCE,999.36,169
2023-01-02 09:55:25,RELIANCE,999.08,496
2023-01-02 09:55:26,RELIANCE,998.7,381
2023-01-02 09:55:27,RELIANCE,998.28,188
2023-01-02 09:55:28,RELIANCE,998.02,930
2023-01-02 09:55:29,RELIANCE,998.08,502
2023-01-02 09:55:30,RELIANCE,997.87,730
2023-01-02 09:55:31,RELIANCE,997.49,520
2023-01-02 09:55:32,RELIANCE,997.35,765
2023-01-02 09:55:33,RELIANCE,996.93,756
2023-01-02 09:55:34,RELIANCE,996.41,635
2023-01-02 09:55:35,RELIANCE,996.85,377
2023-01-02 09:55:36,RELIANCE,997.7,658
2023-01-02 09:55:37,RELIANCE,998.23,31
2023-01-02 09:55:38,RELIANCE,998.31,260
2023-01-02 09:55:39,RELIANCE,998.56,942
2023-01-02 09:55:40,RELIANCE,999.74,986
2023-01-02 09:55:41,RELIANCE,999.88,542
2023-01-02 09:55:42,RELIANCE,998.21,670
2023-01-02 09:55:43,RELIANCE,998.72,268
2023-01-02 09:55:44,RELIANCE,998.4,222
2023-01-02 09:55:45,RELIANCE,997.7,255
2023-01-02 09:55:46,RELIANCE,997.19,455
2023-01-02 09:55:47,RELIANCE,996.61,858
2023-01-02 09:55:48,RELIANCE,997.2,599
2023-01-02 09:55:49,RELIANCE,996.71,44
2023-01-02 09:55:50,RELIANCE,995.9,712
2023-01-02 09:55:51,RELIANCE,995.83,914
2023-01-02 09:55:52,RELIANCE,996.53,607
2023-01-02 09:55:53,RELIANCE,996.8,423
2023-01-02 09:55:54,RELIANCE,997.44,905
2023-01-02 09:55:55,RELIANCE,997.62,117
2023-01-02 09:55:56,RELIANCE,996.88,271
2023-01-02 09:55:57,RELIANCE,996.73,172
2023-01-02 09:55:58,RELIANCE,996.77,950
2023-01-02 09:55:59,RELIANCE,996.66,722
2023-01-02 09:56:00,RELIANCE,996.52,748
2023-01-02 09:56:01,RELIANCE,996.71,364
2023-01-02 09:56:02,RELIANCE,996.82,955
2023-01-02 09:56:03,RELIANCE,996.69,891
